2350 2831
369 673 471 721 Vetus
494 694 543 721 est
564 691 644 721 fama
665 692 768 722 multis
790 696 860 722 ante
881 693 993 722 bellum
1014 691 1179 722 Troianum
1200 691 1288 721 annis
1309 692 1446 722 Teucros
1467 696 1498 721 et
1519 692 1628 729 Mysos
1651 698 1691 720 ex
1713 698 1788 727 agro
1810 688 1944 719 Troiano
1966 687 1998 718 in
2019 688 2117 719 Euro-

251 758 322 787 pam
349 753 563 786 transgressos
592 758 732 787 magnam
752 749 897 780 Thraciae
921 749 1184 786 Macedoniaeque
1210 753 1327 786 partem
1351 750 1430 779 bello
1462 752 1644 787 occupatam
1666 752 1818 778 vastasse.
1862 747 1946 777 Inter
1973 745 2118 783 maxima,

253 814 331 844 quae
351 814 487 843 unquam
508 810 596 843 gesta
618 812 723 837 essent
745 808 834 844 bella,
856 815 924 837 eam
945 815 1010 837 rem
1031 806 1137 845 posuit
1158 806 1336 836 Herodotus
1357 806 1436 842 (Vll,
1449 805 1517 842 20):
1539 807 1620 835 bello
1644 804 1734 841 enim,
1757 804 1843 842 quod
1861 804 1984 834 Xerxes
2007 807 2118 833 contra

252 863 409 895 Graeciam
429 863 541 901 gessit,
565 865 705 902 quamvis
726 865 934 903 magnitudine
953 864 1063 895 ceteris
1085 867 1265 903 praestaret,
1289 872 1385 902 posse
1405 869 1505 893 tamen
1528 863 1661 902 quodam
1682 863 1777 893 modo
1797 861 1971 901 comparari
1989 861 2117 908 Darium

252 922 376 960 Scythis
397 922 509 952 bellum
531 922 719 960 inserentem,
741 923 874 962 Scythas
897 924 984 961 ipsos
1006 922 1113 952 Asiam
1133 926 1302 958 vastantes,
1323 922 1434 951 bellum
1455 921 1626 957 Troianum,
1648 921 1727 950 hanc
1749 920 1884 958 denique
1900 921 2063 959 Mysorum
2085 923 2117 950 et

251 981 438 1010 Teucrorum
460 980 702 1018 expeditionem:
726 982 911 1019 Bosporum,
934 980 987 1018 qui
1007 979 1224 1018 antiquissimis
1240 979 1429 1017 temporibus
1441 979 1561 1017 Mysius
1573 979 1688 1014 (Strab.
1696 979 1759 1014 XII,
1774 980 1825 1009 ed.
1838 983 1914 1009 ster.
1922 979 1973 1008 54.
1981 980 2021 1009 A.
2028 978 2115 1014 849),

250 1041 324 1075 post
343 1037 489 1067 Thracius
507 1043 637 1068 vocatus
659 1042 720 1073 est,
747 1039 907 1068 transiisse
928 1046 985 1068 eos
1006 1039 1141 1075 populos
1163 1041 1194 1067 et
1217 1038 1257 1066 ad
1274 1037 1406 1067 Peneum
1429 1045 1529 1074 usque
1549 1037 1730 1074 pervenisse
1758 1045 1777 1066 a
1798 1036 1939 1072 meridie,
1971 1037 2010 1066 ab
2034 1035 2116 1066 occi-

252 1096 343 1124 dente
365 1103 440 1124 vero
463 1095 501 1124 ad
524 1104 607 1125 mare
629 1096 757 1126 Ionium.
807 1097 906 1126 Sedes
928 1104 1053 1133 quoque
1072 1095 1163 1124 iidem
1179 1095 1208 1124 in
1224 1094 1351 1124 Thracia
1367 1094 1608 1131 Macedoniaque
1630 1095 1829 1124 collocarunt.
1873 1095 1968 1133 Apud
1990 1094 2115 1125 Darium

251 1151 331 1182 enim
347 1151 494 1183 Sardibus
512 1158 752 1184 commorantem
762 1154 900 1184 Paeones
914 1152 1037 1191 quidam
1049 1152 1304 1191 praedicaverunt
1317 1153 1402 1187 (Her.
1419 1153 1456 1188 V,
1472 1151 1519 1181 13.
1535 1151 1665 1182 Eust.Jl.
1681 1150 1752 1189 272,
1767 1151 1817 1182 23.
1833 1152 1922 1188 Bas.)
1936 1159 1971 1182 se
1986 1152 2114 1182 accolas

252 1217 323 1240 esse
346 1209 534 1248 Strymonis,
564 1209 712 1242 oriundos
738 1219 757 1241 a
778 1211 903 1242 Teucris
924 1210 1056 1241 Troiano
1078 1211 1205 1249 populo.
1249 1211 1287 1240 Et
1316 1209 1440 1248 egregie
1460 1210 1568 1239 horum
1595 1209 1751 1239 hominum
1780 1209 1884 1247 opinio
1913 1209 2116 1240 confirmatur

251 1268 298 1305 iis,
322 1276 400 1306 quae
423 1269 462 1298 de
484 1277 540 1299 sua
563 1269 680 1307 origine
707 1269 766 1308 ipsi
795 1270 959 1300 narrabant
979 1269 1112 1308 Bithyni.
1157 1269 1213 1307 Qui
1235 1277 1303 1299 cum
1331 1268 1360 1298 in
1380 1268 1455 1298 Asia
1476 1276 1575 1306 prope
1595 1267 1816 1305 Propontidem
1837 1267 1931 1298 sedes
1954 1268 2115 1304 haberent,

250 1328 382 1357 Thraces
404 1331 505 1356 tamen
533 1336 656 1365 semper
678 1329 821 1365 appellati
847 1333 933 1363 sunt,
963 1329 1047 1365 quod
1068 1329 1199 1358 maiores
1229 1336 1334 1357 eorum
1361 1336 1460 1363 prope
1484 1327 1678 1364 Strymonem
1700 1327 1848 1355 Thraciae
1875 1326 2005 1357 fluvium
2031 1327 2115 1356 habi-

251 1390 345 1420 tasse,
368 1386 424 1415 sed
446 1394 464 1414 a
482 1386 605 1415 Teucris
618 1385 778 1423 Mysisque
799 1386 870 1415 inde
892 1388 1000 1424 pulsos
1022 1387 1052 1416 in
1065 1386 1170 1415 Asiam
1193 1384 1351 1415 transiisse
1374 1386 1533 1414 constabat
1553 1385 1638 1420 (Her.
1652 1385 1716 1420 vll,
1733 1384 1783 1414 75.
1797 1384 1904 1422 Steph.
1918 1381 2115 1424 Στρυμών).

253 1443 332 1473 Satis
351 1451 460 1479 magna
482 1444 570 1480 igitur
589 1444 745 1473 hominum
762 1444 920 1474 multitudo
943 1445 973 1473 in
990 1444 1147 1474 Thraciam
1166 1443 1355 1480 immigrasse
1376 1443 1504 1478 videtur,
1527 1451 1710 1480 quamquam
1727 1443 1794 1472 eius
1816 1443 1861 1472 rei
1883 1451 2011 1480 perraro
2031 1443 2115 1480 apud

253 1502 388 1530 Graecos
407 1502 519 1530 mentio
542 1502 585 1535 fit,
605 1510 674 1530 eum
696 1506 757 1530 tam
776 1506 898 1531 vetusta
923 1510 1064 1539 quaeque
1084 1502 1123 1530 ad
1145 1502 1293 1530 barbaros
1314 1501 1500 1538 pertinerent
1521 1509 1581 1530 non
1604 1505 1757 1530 curarent.
1802 1500 1993 1537 Significavit
2011 1504 2115 1530 tamen

252 1567 319 1587 eam
342 1567 406 1587 rem
428 1559 517 1588 etiam
538 1559 647 1588 Strabo
671 1560 705 1594 (Ι,
728 1559 779 1588 97.
800 1561 838 1589 Α.
860 1559 929 1589 106.
953 1560 991 1588 ct'.
1013 1559 1075 1595 XII,
1098 1559 1148 1588 65.
1171 1561 1208 1588 A.
1232 1557 1315 1594 858),
1338 1558 1389 1588 ubi
1411 1557 1487 1587 dixit
1509 1567 1613 1588 earum
1636 1558 1854 1594 mutationum,
1878 1567 1960 1595 quae
1980 1562 2027 1588 tot
2047 1567 2116 1589 sae-

252 1616 389 1659 culorum
412 1617 546 1647 decursu
571 1617 668 1646 sactae
690 1620 796 1646 essent
818 1616 979 1653 plurimae,
1002 1616 1076 1646 alias
1101 1616 1241 1646 omnibus
1260 1620 1349 1646 notas
1373 1624 1458 1651 esse,
1485 1617 1646 1646 nonnullas
1670 1620 1704 1645 ut
1725 1615 1850 1652 Carum,
1871 1616 2015 1652 Trerum,
2037 1617 2115 1647 Teu-

253 1681 374 1702 crorum
397 1673 592 1711 migrationes
615 1674 789 1711 perpaucis.
832 1673 900 1702 Fuit
919 1682 1043 1711 quoque
1064 1673 1167 1711 opinio
1190 1673 1319 1702 navibus
1342 1674 1474 1702 omnium
1495 1673 1611 1709 primos
1633 1682 1711 1702 usos
1733 1682 1806 1702 esse
1827 1674 1937 1711 Mysos
1960 1678 1991 1702 et
2012 1674 2116 1703 Troia-

252 1741 310 1761 nos
330 1732 395 1761 sive
408 1732 552 1768 Teucros,
568 1741 637 1761 cum
653 1732 683 1761 in
696 1731 853 1760 Thraciam
869 1732 940 1761 belli
953 1740 1047 1762 eausa
1060 1731 1222 1761 transirent
1234 1731 1319 1766 (Plin.
1335 1733 1365 1760 h.
1382 1741 1411 1760 n.
1428 1733 1491 1766 VII,
1507 1732 1556 1766 56,
1573 1731 1658 1766 206).
1701 1732 1792 1761 Plura
1813 1736 1916 1761 narrat
1927 1733 2116 1770 Lycophron

250 1790 342 1825 (1341
360 1799 429 1820 cum
450 1790 571 1825 schol.),
593 1791 676 1825 llum,
700 1791 749 1819 vel
770 1798 861 1827 quem
874 1790 1000 1820 Tzetzes
1023 1791 1088 1820 vult
1107 1789 1354 1825 Laomedontem,
1380 1798 1482 1826 regem
1500 1789 1617 1825 Troiae,
1639 1790 1768 1820 Thracia
1781 1790 2028 1827 Macedoniaque
2045 1791 2117 1820 sub-

251 1848 330 1878 iecta
351 1849 390 1878 ad
408 1848 540 1878 Peneum
563 1856 662 1886 usque
680 1846 838 1886 imperium
860 1847 1023 1878 Troianum
1044 1847 1219 1886 protulisse.

357 1905 506 1935 Universa
532 1913 605 1935 vero
627 1905 702 1935 haec
731 1905 808 1935 ratio
830 1905 935 1935 nescio
966 1913 1004 1934 an
1026 1905 1116 1935 latius
1146 1908 1249 1943 pateat
1271 1905 1309 1933 ad
1330 1905 1540 1942 explicandam
1564 1913 1646 1937 eam,
1675 1912 1754 1942 quae
1777 1905 1856 1934 inter
1880 1905 1998 1935 incolas
2021 1906 2118 1936 Asiae

252 1962 376 1992 minoris
389 1963 597 2001 Thraciaeque
616 1963 777 1993 intercedit
799 1962 1036 1992 similitudinem.
1083 1963 1178 1999 Quam
1199 1962 1290 1992 video
1313 1964 1425 1992 multos
1448 1970 1581 1992 vexasse
1605 1967 1752 1992 veterum.
1781 1964 1871 2006 *Cum
1886 1963 1977 1999 enim,
2000 1967 2037 1992 ut
2058 1964 2119 1993 alia

252 2021 382 2056 mittam,
405 2022 558 2058 Phryges,
577 2021 673 2058 Mysi,
696 2021 828 2050 Dardani
849 2020 879 2049 in
901 2025 1031 2057 utraque
1054 2022 1280 2057 appellarentur
1301 2022 1475 2050 continente
1497 2029 1598 2057 neque
1619 2022 1679 2051 utri
1696 2026 1784 2051 utros
1807 2023 1938 2051 colonos
1960 2022 2120 2052 misissent

252 2079 416 2109 memoriae
439 2079 595 2117 proditum
617 2083 716 2115 esset,
741 2083 860 2109 veteres
882 2078 1003 2116 quidem
1026 2078 1211 2116 scriptores,
1234 2078 1282 2108 alii
1302 2079 1376 2109 alias
1399 2078 1567 2109 sententias
1586 2079 1700 2115 secuti,
1720 2079 1909 2116 argumentis
1929 2080 1969 2110 ad
1992 2080 2119 2111 demon—

252 2138 411 2168 strandum
439 2138 520 2167 haud
547 2146 617 2168 raro
646 2137 694 2168 usi
724 2141 795 2167 sunt
818 2141 870 2167 aut
893 2141 999 2174 aperte
1027 2137 1112 2167 falsis
1141 2137 1283 2174 fictisque
1310 2141 1362 2167 aut
1391 2137 1469 2167 inter
1496 2145 1531 2167 se
1558 2137 1801 2178 repugnantibus
1821 2141 1853 2167 et
1874 2146 1949 2168 vere
1970 2137 2117 2169 ridiculis.

251 2197 313 2226 Nee
330 2196 453 2232 mirum,
474 2204 542 2226 cum
556 2199 726 2226 statuerent
747 2196 785 2225 de
807 2204 856 2233 re,
877 2196 916 2225 de
939 2205 1000 2233 qua
1020 2195 1092 2226 nihil
1114 2196 1188 2226 certi
1208 2196 1411 2234 accepissent.
1455 2196 1539 2232 Quae
1559 2195 1707 2233 persequi
1724 2196 1851 2234 longum
1870 2201 1936 2233 est,
1957 2205 2016 2227 nec
2029 2197 2118 2227 huius

253 2255 301 2283 vel
326 2253 386 2284 loci
401 2255 450 2284 vel
473 2253 629 2292 temporis.
674 2255 757 2291 Quae
772 2254 922 2290 Paeones,
944 2262 1023 2291 quae
1038 2253 1161 2293 Bithyni
1179 2255 1218 2284 de
1239 2254 1304 2284 suis
1322 2253 1381 2292 ipsi
1393 2253 1560 2291 originibus
1573 2259 1790 2292 narraverunt,
1807 2254 1906 2293 magis
1929 2263 1978 2284 me
1995 2257 2118 2284 movent

252 2320 344 2349 quam
365 2312 631 2350 grammaticorum
654 2311 815 2349 opiniones
839 2313 887 2342 vel
911 2311 1116 2342 coniecturae.
1161 2312 1215 2342 His
1237 2312 1327 2350 igitur
1348 2316 1417 2342 utar
1438 2321 1495 2350 pro
1520 2312 1615 2348 veris,
1639 2313 1808 2343 accedente
1831 2313 1991 2343 dumtaxat
2012 2316 2114 2342 aucto-

252 2369 341 2398 ritate
363 2378 433 2399 cum
456 2370 605 2400 Herodoti
626 2370 817 2406 aliorumque
838 2374 902 2399 tum
921 2370 1055 2406 Homeri,
1079 2372 1118 2400 ad
1138 2379 1228 2408 quem
1250 2370 1310 2399 iam
1331 2370 1489 2407 pervenio.

357 2429 510 2458 Homerus
536 2429 614 2458 enim
638 2438 706 2458 cum
729 2428 808 2458 inter
829 2429 941 2458 auxilia
960 2428 1159 2459 Troianorum
1181 2434 1343 2459 recenseat
1361 2429 1508 2458 Thraciae
1529 2429 1646 2459 incolas
1659 2429 1876 2468 'magnamque
1898 2437 2002 2459 eorum
2019 2425 2111 2455 multi-

253 2485 387 2517 tudinem
406 2486 514 2519 Troiae
535 2487 631 2518 fuisse
647 2496 741 2526 saepe
763 2487 927 2526 significet,
956 2487 1029 2526 quid
1060 2488 1132 2519 fecit
1158 2488 1240 2519 aliud
1264 2487 1322 2518 nisi
1348 2497 1428 2527 quos
1454 2487 1604 2527 sanguine
1626 2487 1810 2519 coniunctos
1838 2488 1932 2519 fuisse
1958 2482 2111 2518 intellexit,

253 2545 381 2574 eosdem
402 2545 581 2576 societatem
602 2547 774 2584 foedusque
795 2547 941 2577 habuisse
963 2547 1047 2576 dixit.
1091 2548 1151 2577 Vix
1170 2547 1250 2576 enim
1271 2556 1289 2576 e
1309 2547 1378 2577 sinu
1398 2547 1596 2584 Thermaico,
1616 2556 1687 2577 cum
1707 2548 1893 2577 Thessaliam
1915 2546 2113 2578 Graecosque

252 2609 361 2642 portus
383 2609 445 2634 tam
466 2614 565 2643 prope
588 2605 784 2644 attingerent,
813 2611 874 2636 tam
896 2605 1070 2644 periculoso
1090 2606 1213 2643 itinere,
1243 2615 1335 2645 opem
1357 2606 1501 2637 tulissent
1521 2605 1591 2637 urbi
1612 2611 1674 2637 tam
1694 2613 1844 2640 remotae,
1871 2601 1928 2632 nisi
1953 2608 2053 2639 88¹¹OE
2075 2599 2115 2630 δι’

1744 2666 1754 2693 ¹
1770 2666 1784 2681 0¹
