2165 2831
1059 34 1093 64 11

143 123 175 155 in
201 125 308 165 Mysia.
353 125 391 156 Et
418 124 473 156 fuit
497 124 562 156 eius
591 130 820 157 monumentum
846 134 945 165 prope
974 125 1110 163 Caicum,
1142 126 1253 157 Elaeae
1278 125 1354 157 urbe
1373 122 1516 160 Aeolica,
1543 122 1573 154 in
1601 123 1669 154 foro
1712 122 1817 160 (Faus.
1835 121 1886 159 IX,
1908 121 1939 159 5,
1958 121 2010 160 ’δέ
2044 117 2108 165 ⁷³3.

142 184 208 212 Non
231 183 336 213 dubito
360 183 432 220 quin
457 183 506 212 hic
532 183 578 212 bis
600 188 740 213 narretur
764 185 872 214 eadem
894 192 954 213 res.
999 184 1163 214 Recentior
1185 186 1280 213 altera
1307 185 1346 213 de
1370 184 1460 212 Leito
1483 181 1617 211 narmu'o
1642 185 1718 218 post
1737 182 1928 211 Boeotorum
1948 168 2016 210 ἀφ’
2072 166 2129 199 '⁹²‘-

143 250 224 272 mum
244 241 454 280 migrationem
477 244 602 279 coepta,
624 250 692 272 cum
713 241 838 273 Homeri
857 242 1037 273 auctoritate
1058 242 1300 279 confirmaretur,
1322 241 1433 278 effecit,
1455 244 1489 271 ut
1510 240 1608 270 altera
1629 237 1788 270 oblivione
1809 238 2002 275 obruerem,

144 300 283 337 quamvis
304 300 432 337 propius
452 300 612 329 accederet
635 301 674 330 ad
696 301 863 331 veritatem.
907 302 996 331 Valet
1018 301 1098 331 enim
1118 302 1157 331 de
1176 302 1262 332 Lei'to
1286 309 1422 338 quoque,
1443 299 1529 337 quod
1549 306 1646 336 supra
1667 298 1707 328 de
1729 297 1921 335 Sarpedone.
1963 299 2003 330 Et

143 358 353 394 Sarpedonem
374 357 495 395 quidem
517 358 628 395 Iupiter
649 359 717 397 ipse
737 360 767 389 in
786 359 910 398 Lyciam
925 359 1092 390 transtulit:
1115 361 1218 390 Leitus
1242 367 1315 389 vero
1339 358 1465 396 aliique,
1485 357 1538 395 qui
1556 357 1666 388 eadem
1688 355 1865 389 conditione
1885 362 2001 393 essent,

145 414 252 445 Graeci
279 419 312 445 ut
338 415 368 444 in
391 415 546 445 Graeciam
570 416 660 446 delati
689 416 880 453 viderentur,
907 417 1009 447 effecit
1030 421 1123 456 poeta
1148 418 1198 447 illa
1219 416 1356 448 Nestoris
1379 415 1528 446 oratione.
1572 417 1713 454 Apparet
1730 414 1810 445 'fictu
1831 421 1904 445 esse
1925 415 2002 445 haec

145 473 245 503 omnia
272 482 431 511 nugasque
452 477 577 512 poetae,
607 484 668 506 non
695 476 851 506 veritatem
876 484 978 506 rerum
1005 480 1171 513 gestarum.
1221 477 1276 507 Est
1302 480 1405 506 autem
1432 475 1481 506 illa
1509 483 1603 512 quam
1627 474 1721 505 modo
1745 472 1810 504 dixi
1830 472 1931 504 oratio
1952 473 2004 510 (Β

144 529 204 559 327
226 534 265 566 s.)
286 536 337 561 aut
363 532 508 562 universa
529 533 699 570 composita
720 538 771 564 aut
792 538 875 563 certe
892 533 1061 569 immutata,
1082 541 1119 563 eo
1139 533 1266 564 consilio
1287 537 1320 563 ut
1342 540 1422 570 quae
1443 536 1518 570 post
1537 540 1605 562 eam
1627 531 1832 567 adderentur,
1855 535 2001 561 constare

145 592 273 624 possent
294 597 362 619 cum
384 591 587 621 monumentis
610 591 689 621 haud
708 591 807 621 dubiis
829 599 930 621 rerum
948 594 1114 628 gestarum.
1156 592 1195 621 Et
1215 595 1334 628 septem
1356 590 1422 620 eius
1446 598 1557 620 versus
1580 589 1633 626 qui
1653 588 1743 627 primi
1761 590 1907 627 leguntur
1927 588 2000 619 nihil

144 645 265 681 liabent,
283 646 313 676 in
336 656 396 684 quo
418 647 620 677 offendamus.
664 648 797 678 Octavus
818 656 891 678 vero
913 652 944 678 et
965 655 1065 677 nonus
1086 647 1170 682 (334.
1193 648 1277 683 335),
1301 656 1381 684 quos
1403 649 1522 676 veteres
1542 646 1602 675 iam
1625 650 1820 682 notaverunt,
1844 654 1908 684 quo
1928 654 1999 677 con-

144 703 210 734 silio
237 705 295 735 huc
320 705 392 736 illati
420 706 578 736 videantur
606 706 680 737 satis
713 707 826 737 dictum
856 711 912 737 est.
955 706 1070 736 Eodem
1101 707 1200 736 resero
1230 715 1301 742 eos,
1329 705 1439 743 quibus
1466 713 1585 735 murum
1611 703 1730 735 exstrui
1761 704 1847 736 iubet
1875 705 1998 737 Nestor.

144 762 343 800 Interpositus
364 767 412 793 est
433 764 568 794 decimus
590 772 658 794 cum
680 764 781 802 priore
803 769 888 802 parte
909 763 1062 794 undecimi
1083 763 1167 799 (336.
1189 763 1274 799 337).
1318 763 1374 800 Qui
1395 771 1463 792 cum
1487 771 1548 792 non
1575 767 1719 793 constent
1739 771 1808 793 cum
1831 762 1999 802 superiori-

143 821 215 856 bus,
242 822 313 859 quia
331 822 513 853 indiscretus
535 827 663 853 vocatur
683 823 709 853 is
731 825 879 861 tumulus,
903 831 995 861 quem
1015 822 1188 853 discrimina
1209 822 1340 860 partium
1361 822 1473 852 habere
1493 825 1630 859 oportet,
1656 821 1762 852 nescio
1784 830 1823 852 an
1844 821 1907 853 sint
1926 831 1998 861 pro-

143 879 213 908 fecti
233 887 251 908 a
273 880 374 917 priore
395 885 500 917 poeta,
523 885 632 917 postea
653 881 747 910 relicti
768 890 824 918 per
845 889 981 910 errorem
999 882 1037 910 ab
1059 889 1113 916 eo,
1137 881 1189 917 qui
1209 879 1384 909 universam
1403 880 1481 908 hanc
1501 879 1671 909 orationem
1689 879 1868 909 immutavit.

180 931 190 941 ⁰
245 938 299 968 Est
317 942 417 967 autem
440 938 514 967 haec
533 938 669 969 Nestoris
690 939 787 969 oratio
811 939 899 976 quasi
919 939 1012 968 cardo
1036 937 1199 968 universae
1214 938 1253 967 de
1271 937 1371 967 iliadis
1393 937 1529 974 partibus
1554 935 1753 974 quaestionis,
1778 945 1859 975 quae
1877 938 1994 970 nostris

145 995 330 1032 temporibus
358 996 469 1025 multos
492 996 636 1026 exercuit.
680 997 753 1026 Nam
781 1004 860 1034 quae
882 996 973 1026 dubia
1001 996 1049 1025 vel
1070 995 1230 1025 subditicia
1256 995 1352 1025 videri
1376 994 1512 1035 possint,
1535 998 1570 1024 ut
1591 998 1662 1024 ante
1683 1002 1752 1024 eam
1774 1003 1932 1033 perpauca
1951 996 1996 1026 in—

143 1052 248 1082 venies
269 1056 343 1089 (non
367 1053 444 1083 enim
465 1053 513 1083 hic
533 1054 653 1084 minima
675 1059 778 1090 curo),
806 1054 851 1084 sic
873 1058 946 1092 post
970 1062 1034 1084 eam
1059 1054 1217 1091 permulta.
1261 1053 1363 1082 Dicam
1392 1056 1492 1082 autem
1524 1053 1563 1082 de
1586 1051 1730 1089 singuiis,
1753 1060 1823 1082 cum
1841 1053 1900 1083 alia
1921 1053 1995 1084 alio-

143 1118 208 1139 rum
231 1109 270 1140 sit
292 1111 382 1141 ratio:
410 1120 471 1141 non
496 1115 592 1142 tamen
618 1120 655 1142 eo
679 1120 740 1150 quo
764 1115 835 1142 sunt
861 1112 942 1148 apud
965 1112 1129 1141 Homerum
1151 1110 1271 1146 ordine,
1295 1111 1350 1140 sed
1371 1109 1511 1147 arripiam
1534 1117 1737 1147 quaecunque
1759 1109 1901 1147 proxima
1922 1115 1997 1141 sunt

143 1168 308 1205 superioris
330 1168 551 1206 disputationis.
595 1170 678 1206 Quae
707 1170 830 1208 quidem
849 1170 958 1208 triplex
987 1169 1050 1199 fuit.
1094 1169 1340 1198 Demonstratum
1366 1167 1445 1198 enim
1467 1172 1516 1198 est
1547 1168 1761 1205 Sarpedonem
1783 1176 1845 1198 non
1867 1169 1995 1200 venisse

143 1225 277 1261 Troiam,
306 1230 368 1255 tum
393 1235 510 1256 murum
533 1235 589 1256 nec
612 1231 820 1264 oppugnatum
851 1234 907 1256 nec
929 1226 1053 1256 omnino
1081 1227 1190 1255 factum
1211 1233 1296 1260 esse,
1323 1225 1454 1262 denique
1478 1229 1677 1262 praeceptum
1700 1225 1775 1254 illud
1793 1225 1932 1257 Nestoris
1954 1227 1994 1257 de

144 1282 336 1319 asportandis
358 1284 480 1315 ossibus
499 1283 658 1315 artificium
679 1293 751 1315 esse
772 1293 790 1314 a
809 1288 902 1322 poeta
919 1283 1085 1314 institutum
1109 1283 1147 1312 ad
1170 1281 1368 1320 decipiendos
1391 1282 1508 1313 animos
1531 1281 1729 1313 audientium.

245 1341 349 1378 Neque
377 1351 451 1373 vero
473 1343 522 1372 illa
544 1352 622 1380 quae
644 1351 738 1381 supra
761 1342 823 1372 dixi
844 1342 965 1373 omnino
993 1350 1074 1372 nova
1095 1347 1192 1377 erant,
1224 1349 1303 1378 quae
1323 1340 1438 1378 primus
1460 1345 1512 1371 aut
1532 1340 1720 1371 invenissem
1741 1344 1795 1371 aut
1816 1342 1994 1378 pronuntia-

143 1407 217 1428 rem.
259 1400 324 1429 Non
347 1401 425 1430 enim
445 1405 506 1430 tam
528 1409 595 1430 mea
614 1401 719 1438 posui,
743 1409 833 1438 quam
852 1404 957 1430 vetera
978 1399 1118 1437 repetivi,
1144 1399 1242 1428 verbis
1265 1399 1295 1427 in
1316 1407 1353 1428 ea
1376 1407 1408 1428 re
1430 1407 1505 1429 usus
1525 1400 1563 1428 ab
1586 1399 1746 1429 Eustathio
1769 1400 1820 1429 vel
1843 1408 1883 1430 ex
1904 1384 1995 1431 scho-

142 1455 188 1486 liis
210 1457 383 1495 assumptis
426 1458 554 1488 Videtur
579 1457 669 1496 igitur
693 1457 789 1488 oratio
817 1466 898 1493 mea,
929 1466 1030 1487 rerum
1055 1460 1208 1494 gestarum
1236 1456 1301 1486 sive
1323 1455 1532 1493 probabilitate
1557 1456 1625 1486 sive
1652 1456 1780 1486 veritate
1802 1457 1993 1495 confirmata,

143 1514 270 1544 redflsse
299 1516 338 1544 ad
361 1516 624 1552 grammaticorum
646 1516 866 1546 auctoritatem.
910 1515 1038 1553 Quibus,
1066 1522 1249 1552 quamquam
1271 1518 1332 1543 tam
1351 1515 1445 1543 multa
1464 1518 1495 1543 et
1515 1517 1606 1544 acute
1625 1514 1768 1546 viderunt
1790 1519 1822 1545 et
1842 1516 1994 1547 subtiliter

143 1572 388 1608 disputaverunt,
412 1577 460 1607 ut,
484 1573 510 1602 si
531 1582 586 1603 eos
609 1573 698 1610 sequi
720 1561 849 1610 possim,
873 1581 995 1609 semper
1017 1572 1088 1601 mihi
1108 1572 1174 1608 ipse
1196 1572 1306 1601 afferre
1323 1571 1428 1600 videar
1449 1570 1612 1600 maximum
1634 1572 1674 1601 ad
1695 1571 1761 1601 veri
1784 1571 1993 1604 inventionem

141 1629 361 1665 adiumentum,
391 1639 452 1660 non
479 1634 578 1660 tamen
605 1630 646 1660 ita
666 1630 787 1661 deditus
816 1639 898 1666 sum,
926 1633 959 1659 ut
979 1633 1062 1659 totus
1084 1629 1223 1658 haeream
1246 1628 1275 1657 in
1299 1636 1404 1658 eorum
1427 1627 1596 1658 sententiis.
1639 1629 1715 1658 Eam
1735 1628 1817 1659 enim
1840 1639 1920 1668 quae
1943 1630 1994 1661 hic

141 1689 300 1725 proposita
321 1693 368 1718 est
398 1688 606 1725 quaestionem
632 1689 721 1718 video
746 1696 802 1719 eos
829 1689 1007 1723 inchoasse,
1035 1688 1170 1724 perfecta
1189 1688 1341 1723 plenaque
1365 1691 1399 1716 ut
1423 1687 1464 1716 sit
1485 1696 1548 1716 non
1570 1687 1726 1717 effecisse.
1769 1688 1832 1716 Nec
1850 1690 1992 1725 profecto

143 1753 221 1783 quae
243 1745 296 1775 fuit
318 1754 502 1788 summorum
525 1745 658 1775 virorum
686 1745 761 1775 ratio
790 1753 924 1782 unquam
945 1731 1013 1774 eam
1037 1747 1202 1781 potuerunt
1226 1744 1396 1782 absolvere.
1440 1744 1554 1774 Ponam
1577 1745 1750 1782 exemplum
1772 1749 1806 1775 ut
1827 1745 1901 1783 quid
1925 1754 1994 1776 sen—

142 1803 213 1832 tiam
233 1803 422 1840 intelligatur.
466 1803 521 1839 Qui
541 1803 620 1832 enim
648 1807 732 1832 esset
752 1810 861 1832 cursus
886 1802 1084 1832 mutationum
1101 1801 1130 1830 in
1156 1801 1248 1831 rebus
1270 1801 1408 1837 publicis,
1438 1809 1457 1829 a
1481 1801 1593 1837 quibus
1613 1801 1704 1832 initiis
1728 1803 1885 1839 proficisci
1913 1805 1994 1834 sol&

142 1864 210 1889 rent
231 1860 381 1895 civitates,
412 1868 472 1897 quo
500 1858 767 1890 commutationum
797 1859 904 1889 ordine
933 1859 972 1888 ad
993 1857 1144 1888 interitum
1171 1857 1378 1895 pervenirent,
1412 1858 1535 1895 egregie
1561 1858 1593 1887 id
1621 1858 1746 1895 quidem
1775 1859 1994 1890 intellexerunt

141 1917 280 1947 homines
307 1917 427 1953 Graeci,
463 1917 595 1947 omnium
625 1917 738 1954 optime
766 1921 947 1954 persecutus
979 1920 1027 1946 est
1054 1915 1238 1945 Aristoteles
1265 1915 1311 1945 vir
1340 1917 1528 1953 praeclarus.
1583 1917 1657 1946 Cum
1686 1916 1767 1946 enim
1792 1920 1879 1946 tauta
1902 1917 1995 1955 copia

142 1976 350 2013 exemplorum
373 1979 472 2011 esset,
501 1983 579 2012 quae
607 1978 658 2004 aut
684 1974 740 2012 ipsi
765 1974 862 2005 oculis
890 1973 1037 2004 vidissent
1062 1977 1113 2002 aut
1135 1972 1221 2002 facile
1249 1976 1424 2010 repeterent
1451 1981 1490 2003 ex
1517 1973 1660 2009 historia,
1691 1982 1753 2003 non
1781 1974 1907 2004 difficile
1928 1979 1995 2005 erat

141 2033 269 2070 ingeniis
292 2033 388 2063 acutis
412 2041 518 2063 verum
536 2032 671 2063 invenire
698 2041 734 2062 ac
760 2033 798 2062 de
826 2032 970 2062 universa
995 2031 1111 2061 ratione
1132 2035 1214 2061 recte
1237 2030 1380 2060 iudicare.
1424 2031 1502 2061 Sunt
1519 2040 1594 2061 vero
1617 2031 1706 2062 etiarn
1729 2032 1804 2068 alia,
1828 2041 1908 2070 quae
1931 2042 1994 2064 non

142 2091 251 2120 eodem
275 2090 366 2120 modo
390 2094 580 2128 repetantur,
603 2099 664 2128 quo
691 2090 854 2120 civitatium
879 2093 964 2120 ortus
992 2093 1083 2126 atque
1106 2087 1253 2118 interitus.
1302 2089 1346 2118 Ea
1372 2089 1467 2119 semel
1493 2089 1523 2118 in
1552 2088 1679 2126 singulis
1707 2090 1830 2128 populis
1852 2091 1994 2122 videmus

142 2148 235 2183 nasci,
257 2156 406 2183 crescere,
428 2148 589 2185 exstingui.
633 2149 715 2178 Haec
736 2152 785 2177 est
805 2147 978 2184 mythorum
1000 2150 1116 2176 natura.
1159 2145 1215 2182 Qui
1237 2146 1375 2183 quamvis
1397 2147 1512 2176 infinita
1533 2146 1723 2176 minimarum
1744 2148 1877 2184 partium
1898 2149 1995 2178 varie-

141 2210 202 2236 tate
224 2210 378 2241 constent,
408 2205 520 2235 habent
545 2209 645 2235 tamen
673 2214 725 2236 eas
750 2205 791 2236 ita
812 2204 890 2234 inter
911 2213 945 2234 se
973 2203 1151 2234 coniunctas
1172 2208 1265 2241 atque
1292 2204 1380 2241 quasi
1399 2204 1558 2242 implicitas
1588 2208 1619 2234 et
1647 2205 1823 2242 colligatas,
1845 2210 1880 2236 ut
1901 2215 1994 2237 unum

141 2272 255 2300 corpus
277 2263 417 2292 efficiant.
460 2265 524 2293 Hos
551 2263 633 2300 apud
656 2263 791 2292 Graecos
813 2261 896 2291 multi
922 2261 980 2290 viri
1003 2265 1033 2290 et
1060 2261 1080 2290 ii
1105 2260 1237 2297 egregiis
1259 2261 1450 2298 ingeniorum
1471 2262 1663 2292 acuminibus
1685 2263 1817 2300 praediti
1841 2249 1998 2294 duxerunt·

140 2321 212 2351 nihil
236 2329 307 2351 esse
332 2320 390 2350 nisi
411 2329 522 2358 nugas,
556 2320 605 2350 alii
633 2329 706 2350 vero
734 2319 897 2357 perpaucis
927 2319 1092 2349 admodum
1115 2318 1246 2356 demptis
1275 2319 1324 2348 vel
1354 2321 1511 2357 paululum
1538 2319 1703 2350 immutatis
1729 2325 1915 2358 putaverunt
1944 2329 1991 2350 res

141 2377 358 2415 antiquissimis
382 2377 570 2415 temporibus
589 2381 693 2414 gestas
721 2377 757 2406 iis
778 2376 901 2414 exponi.
945 2376 1049 2406 Neutri
1078 2379 1160 2405 recte
1190 2376 1326 2406 sensisse
1349 2377 1491 2407 videntur
1522 2385 1595 2406 esse
1621 2377 1753 2407 mediam
1775 2379 1925 2416 quandam
1945 2386 1988 2406 ra-

140 2436 253 2467 tionem
275 2444 356 2473 eam,
381 2444 441 2473 qua
462 2445 519 2467 nos
539 2435 569 2466 in
592 2434 726 2473 singulas
749 2438 851 2473 partes
870 2434 1067 2472 inquirende,
1089 2441 1167 2471 quae
1189 2442 1207 2464 a
1237 2433 1426 2473 sapientibus
1454 2433 1527 2466 viris
1556 2434 1708 2466 subtiliter
1729 2436 1899 2474 excogitata
1919 2437 1988 2465 sunt

142 2495 189 2522 vel
212 2494 250 2523 de
279 2494 370 2523 rebus
392 2493 500 2523 divinis
524 2495 572 2523 vel
594 2494 632 2522 de
654 2492 863 2530 antiquissimo
885 2501 986 2522 rerum
1007 2493 1206 2521 humanarum
1228 2496 1324 2529 statu,
1353 2494 1528 2523 discernere
1549 2498 1580 2523 et
1602 2502 1767 2532 segregare
1787 2500 1928 2524 conamur
1948 2491 1987 2520 ab

140 2552 190 2589 iis,
218 2560 295 2589 quae
323 2552 380 2582 illis
405 2553 454 2582 vel
478 2561 551 2583 casu
578 2557 611 2582 ut
633 2552 666 2581 fit
689 2553 735 2582 vel
760 2551 943 2590 negligentia
970 2552 1019 2581 vel
1047 2552 1188 2582 consulto
1218 2551 1337 2582 adiecta
1367 2556 1447 2582 sunt.
1496 2553 1613 2583 Eadem
1642 2562 1720 2592 quae
1745 2552 1913 2590 mythorum
1940 2554 1989 2581 est

141 2618 246 2640 eorum
269 2610 434 2640 carminum
457 2610 548 2647 ratio,
575 2618 652 2648 quae
672 2614 834 2640 versantur
858 2609 888 2639 in
908 2608 1040 2648 mythis,
1063 2613 1095 2639 ut
1111 2609 1236 2640 Homeri
1259 2610 1459 2648 Hesiodique.
1503 2612 1536 2641 In
1565 2612 1676 2649 quibus
1694 2611 1781 2640 multa
1802 2616 1820 2637 a
1840 2616 1989 2645 gramma-

1657 2668 1699 2696 2*
