<?xml version="1.0" encoding="UTF-8"?>
<!DOCTYPE html PUBLIC "-//W3C//DTD XHTML 1.0 Transitional//EN"
    "http://www.w3.org/TR/xhtml1/DTD/xhtml1-transitional.dtd">
<html xmlns="http://www.w3.org/1999/xhtml" xml:lang="en" lang="en">
 <head>
  <title>
</title>
<meta http-equiv="Content-Type" content="text/html;charset=utf-8" />
  <meta name='ocr-system' content='tesseract 3.04.00' />
  <meta name='ocr-capabilities' content='ocr_page ocr_carea ocr_par ocr_line ocrx_word'/>
</head>
<body>
  <div class='ocr_page' id='page_1' title='image "4624122_0019.png"; bbox 0 0 2304 2831; ppageno 0'>
   <div class='ocr_carea' id='block_1_1' title="bbox 1144 72 1182 102">
    <p class='ocr_par' dir='ltr' id='par_1_1' title="bbox 1144 72 1182 102">
     <span class='ocr_line' id='line_1_1' title="bbox 1144 72 1182 102; baseline 0 0"><span class='ocrx_word' id='word_1_1' title='bbox 1144 72 1182 102; x_wconf 88' lang='grc'><strong>13</strong></span> 
     </span>
    </p>
   </div>
   <div class='ocr_carea' id='block_1_2' title="bbox 972 89 1099 94">
    <p class='ocr_par' dir='ltr' id='par_1_2' title="bbox 972 89 1099 94">
     <span class='ocr_line' id='line_1_2' title="bbox 972 89 1099 94; baseline 0 0"><span class='ocrx_word' id='word_1_2' title='bbox 972 89 1099 94; x_wconf 95' lang='lat' dir='ltr'><strong> </strong></span> 
     </span>
    </p>
   </div>
   <div class='ocr_carea' id='block_1_3' title="bbox 1225 88 1353 93">
    <p class='ocr_par' dir='ltr' id='par_1_3' title="bbox 1225 88 1353 93">
     <span class='ocr_line' id='line_1_3' title="bbox 1225 88 1353 93; baseline 0 0"><span class='ocrx_word' id='word_1_3' title='bbox 1225 88 1353 93; x_wconf 95' lang='lat' dir='ltr'><strong> </strong></span> 
     </span>
    </p>
   </div>
   <div class='ocr_carea' id='block_1_4' title="bbox 239 149 2100 2508">
    <p class='ocr_par' dir='ltr' id='par_1_4' title="bbox 239 149 2099 542">
     <span class='ocr_line' id='line_1_4' title="bbox 239 149 2097 203; baseline -0.009 -8"><span class='ocrx_word' id='word_1_4' title='bbox 239 163 329 195; x_wconf 88' lang='lat' dir='ltr'><strong>trium</strong></span> <span class='ocrx_word' id='word_1_5' title='bbox 349 173 528 203; x_wconf 80' lang='lat' dir='ltr'><strong>paucorum.</strong></span> <span class='ocrx_word' id='word_1_6' title='bbox 573 164 654 201; x_wconf 82' lang='lat' dir='ltr'><strong>Quas</strong></span> <span class='ocrx_word' id='word_1_7' title='bbox 677 163 781 194; x_wconf 85' lang='lat' dir='ltr'><strong>exorsi</strong></span> <span class='ocrx_word' id='word_1_8' title='bbox 803 166 875 193; x_wconf 84' lang='lat' dir='ltr'><strong>sunt</strong></span> <span class='ocrx_word' id='word_1_9' title='bbox 895 162 996 193; x_wconf 81' lang='lat' dir='ltr'><strong>cuncti</strong></span> <span class='ocrx_word' id='word_1_10' title='bbox 1017 163 1107 193; x_wconf 88' lang='lat' dir='ltr'><strong>tacito</strong></span> <span class='ocrx_word' id='word_1_11' title='bbox 1128 162 1261 200; x_wconf 88' lang='lat' dir='ltr'><strong>quodam</strong></span> <span class='ocrx_word' id='word_1_12' title='bbox 1284 170 1457 196; x_wconf 87' lang='lat' dir='ltr'><strong>consensu,</strong></span> <span class='ocrx_word' id='word_1_13' title='bbox 1479 164 1514 191; x_wconf 89' lang='lat' dir='ltr'><strong>ut</strong></span> <span class='ocrx_word' id='word_1_14' title='bbox 1541 159 1576 189; x_wconf 86' lang='lat' dir='ltr'><strong>fit</strong></span> <span class='ocrx_word' id='word_1_15' title='bbox 1597 158 1627 188; x_wconf 92' lang='lat' dir='ltr'><strong>in</strong></span> <span class='ocrx_word' id='word_1_16' title='bbox 1652 157 1705 192; x_wconf 89' lang='lat' dir='ltr'><strong>iis,</strong></span> <span class='ocrx_word' id='word_1_17' title='bbox 1728 162 1809 193; x_wconf 80' lang='lat' dir='ltr'><strong>quae</strong></span> <span class='ocrx_word' id='word_1_18' title='bbox 1830 151 1967 183; x_wconf 87' lang='lat' dir='ltr'><strong>universi</strong></span> <span class='ocrx_word' id='word_1_19' title='bbox 1989 149 2097 190; x_wconf 84' lang='lat' dir='ltr'><strong>populi</strong></span> 
     </span>
     <span class='ocr_line' id='line_1_5' title="bbox 240 213 2096 260; baseline -0.008 -8"><span class='ocrx_word' id='word_1_20' title='bbox 240 231 303 253; x_wconf 89' lang='lat' dir='ltr'><strong>non</strong></span> <span class='ocrx_word' id='word_1_21' title='bbox 326 223 514 260; x_wconf 87' lang='lat' dir='ltr'><strong>singulorum</strong></span> <span class='ocrx_word' id='word_1_22' title='bbox 537 225 625 259; x_wconf 90' lang='lat' dir='ltr'><strong>sunt,</strong></span> <span class='ocrx_word' id='word_1_23' title='bbox 653 230 706 252; x_wconf 90' lang='lat' dir='ltr'><strong>eas</strong></span> <span class='ocrx_word' id='word_1_24' title='bbox 730 224 950 258; x_wconf 81' lang='lat' dir='ltr'><strong>pertexuerunt</strong></span> <span class='ocrx_word' id='word_1_25' title='bbox 975 225 1006 251; x_wconf 89' lang='lat' dir='ltr'><strong>et</strong></span> <span class='ocrx_word' id='word_1_26' title='bbox 1032 226 1183 252; x_wconf 90' lang='lat' dir='ltr'><strong>auxerunt</strong></span> <span class='ocrx_word' id='word_1_27' title='bbox 1207 220 1364 259; x_wconf 84' lang='lat' dir='ltr'>perpauci.</span> <span class='ocrx_word' id='word_1_28' title='bbox 1408 219 1477 249; x_wconf 90' lang='lat' dir='ltr'>Dixi</span> <span class='ocrx_word' id='word_1_29' title='bbox 1504 218 1563 248; x_wconf 91' lang='lat' dir='ltr'><strong>hos</strong></span> <span class='ocrx_word' id='word_1_30' title='bbox 1585 223 1658 246; x_wconf 89' lang='lat' dir='ltr'><strong>esse</strong></span> <span class='ocrx_word' id='word_1_31' title='bbox 1681 213 1818 252; x_wconf 82' lang='lat' dir='ltr'><strong>cyclicos</strong></span> <span class='ocrx_word' id='word_1_32' title='bbox 1844 219 1926 248; x_wconf 87' lang='lat' dir='ltr'><strong>quos</strong></span> <span class='ocrx_word' id='word_1_33' title='bbox 1945 216 2096 240; x_wconf 73' lang='lat' dir='ltr'><strong>vocamus</strong></span> 
     </span>
     <span class='ocr_line' id='line_1_6' title="bbox 240 266 2097 320; baseline -0.007 -8"><span class='ocrx_word' id='word_1_34' title='bbox 240 287 359 320; x_wconf 85' lang='lat' dir='ltr'><strong>poetas.</strong></span> <span class='ocrx_word' id='word_1_35' title='bbox 404 281 466 311; x_wconf 90' lang='lat' dir='ltr'><strong>Sed</strong></span> <span class='ocrx_word' id='word_1_36' title='bbox 488 289 595 311; x_wconf 89' lang='lat' dir='ltr'><strong>eorum</strong></span> <span class='ocrx_word' id='word_1_37' title='bbox 617 279 778 315; x_wconf 90' lang='lat' dir='ltr'><strong>librorum,</strong></span> <span class='ocrx_word' id='word_1_38' title='bbox 807 279 916 317; x_wconf 90' lang='lat' dir='ltr'><strong>quibus</strong></span> <span class='ocrx_word' id='word_1_39' title='bbox 943 280 1185 311; x_wconf 84' lang='lat' dir='ltr'><strong>demonstratum</strong></span> <span class='ocrx_word' id='word_1_40' title='bbox 1206 283 1255 310; x_wconf 88' lang='lat' dir='ltr'><strong>est</strong></span> <span class='ocrx_word' id='word_1_41' title='bbox 1281 279 1422 310; x_wconf 89' lang='lat' dir='ltr'><strong>consulto</strong></span> <span class='ocrx_word' id='word_1_42' title='bbox 1450 286 1501 307; x_wconf 88' lang='lat' dir='ltr'><strong>res</strong></span> <span class='ocrx_word' id='word_1_43' title='bbox 1532 276 1621 306; x_wconf 84' lang='lat' dir='ltr'><strong>fictas</strong></span> <span class='ocrx_word' id='word_1_44' title='bbox 1648 280 1774 303; x_wconf 81' lang='lat' dir='ltr'><strong>narrare</strong></span> <span class='ocrx_word' id='word_1_45' title='bbox 1795 273 1937 309; x_wconf 70' lang='lat' dir='ltr'><strong>poetam,</strong></span> <span class='ocrx_word' id='word_1_46' title='bbox 1965 266 2097 297; x_wconf 74' lang='lat' dir='ltr'><strong>maxime</strong></span> 
     </span>
     <span class='ocr_line' id='line_1_7' title="bbox 240 326 2098 374; baseline -0.009 -5"><span class='ocrx_word' id='word_1_47' title='bbox 240 339 329 369; x_wconf 87' lang='lat' dir='ltr'><strong>trium</strong></span> <span class='ocrx_word' id='word_1_48' title='bbox 350 339 469 368; x_wconf 90' lang='lat' dir='ltr'><strong>illorum</strong></span> <span class='ocrx_word' id='word_1_49' title='bbox 489 338 556 373; x_wconf 91' lang='lat' dir='ltr'><strong>(M,</strong></span> <span class='ocrx_word' id='word_1_50' title='bbox 576 338 616 373; x_wconf 82' lang='lat'><strong>11,</strong></span> <span class='ocrx_word' id='word_1_51' title='bbox 640 338 694 374; x_wconf 79' lang='lat' dir='ltr'><strong>P),</strong></span> <span class='ocrx_word' id='word_1_52' title='bbox 721 346 792 366; x_wconf 93' lang='lat' dir='ltr'><strong>num</strong></span> <span class='ocrx_word' id='word_1_53' title='bbox 815 345 894 374; x_wconf 87' lang='lat' dir='ltr'><strong>quae</strong></span> <span class='ocrx_word' id='word_1_54' title='bbox 916 341 963 368; x_wconf 89' lang='lat' dir='ltr'><strong>est</strong></span> <span class='ocrx_word' id='word_1_55' title='bbox 984 338 1042 367; x_wconf 85' lang='lat' dir='ltr'><strong>alia</strong></span> <span class='ocrx_word' id='word_1_56' title='bbox 1062 338 1159 368; x_wconf 84' lang='lat' dir='ltr'><strong>ratio?</strong></span> <span class='ocrx_word' id='word_1_57' title='bbox 1200 339 1341 368; x_wconf 78' lang='lat' dir='ltr'>Profecto</span> <span class='ocrx_word' id='word_1_58' title='bbox 1363 337 1454 366; x_wconf 91' lang='lat' dir='ltr'><strong>nulla.</strong></span> <span class='ocrx_word' id='word_1_59' title='bbox 1499 336 1595 372; x_wconf 82' lang='lat' dir='ltr'><strong>Quam</strong></span> <span class='ocrx_word' id='word_1_60' title='bbox 1617 332 1698 363; x_wconf 91' lang='lat' dir='ltr'><strong>enim</strong></span> <span class='ocrx_word' id='word_1_61' title='bbox 1715 329 1864 361; x_wconf 81' lang='lat' dir='ltr'><strong>rationem</strong></span> <span class='ocrx_word' id='word_1_62' title='bbox 1886 326 2007 363; x_wconf 81' lang='lat' dir='ltr'><strong>longius</strong></span> <span class='ocrx_word' id='word_1_63' title='bbox 2029 332 2098 362; x_wconf 87' lang='lat' dir='ltr'><strong>per-</strong></span> 
     </span>
     <span class='ocr_line' id='line_1_8' title="bbox 242 380 2099 434; baseline -0.008 -7"><span class='ocrx_word' id='word_1_64' title='bbox 242 396 340 427; x_wconf 82' lang='lat' dir='ltr'><strong>secuti</strong></span> <span class='ocrx_word' id='word_1_65' title='bbox 364 401 436 427; x_wconf 92' lang='lat' dir='ltr'><strong>sunt</strong></span> <span class='ocrx_word' id='word_1_66' title='bbox 458 395 578 434; x_wconf 80' lang='lat' dir='ltr'><strong>cyclici,</strong></span> <span class='ocrx_word' id='word_1_67' title='bbox 610 395 674 426; x_wconf 88' lang='lat' dir='ltr'><strong>suis</strong></span> <span class='ocrx_word' id='word_1_68' title='bbox 700 395 878 426; x_wconf 87' lang='lat' dir='ltr'><strong>commentis</strong></span> <span class='ocrx_word' id='word_1_69' title='bbox 902 396 1033 434; x_wconf 87' lang='lat' dir='ltr'><strong>augendi</strong></span> <span class='ocrx_word' id='word_1_70' title='bbox 1059 402 1181 428; x_wconf 90' lang='lat' dir='ltr'><strong>veteres</strong></span> <span class='ocrx_word' id='word_1_71' title='bbox 1206 397 1339 432; x_wconf 81' lang='lat' dir='ltr'><strong>fabulas,</strong></span> <span class='ocrx_word' id='word_1_72' title='bbox 1369 395 1512 425; x_wconf 83' lang='lat' dir='ltr'><strong>inchoata</strong></span> <span class='ocrx_word' id='word_1_73' title='bbox 1536 402 1575 423; x_wconf 83' lang='lat' dir='ltr'><strong>ea</strong></span> <span class='ocrx_word' id='word_1_74' title='bbox 1604 395 1653 423; x_wconf 90' lang='lat' dir='ltr'><strong>est</strong></span> <span class='ocrx_word' id='word_1_75' title='bbox 1678 391 1708 421; x_wconf 92' lang='lat' dir='ltr'><strong>in</strong></span> <span class='ocrx_word' id='word_1_76' title='bbox 1731 388 1779 419; x_wconf 87' lang='lat' dir='ltr'><strong>his</strong></span> <span class='ocrx_word' id='word_1_77' title='bbox 1805 385 1901 417; x_wconf 88' lang='lat' dir='ltr'><strong>libris.</strong></span> <span class='ocrx_word' id='word_1_78' title='bbox 1944 385 2051 422; x_wconf 81' lang='lat' dir='ltr'><strong>Itaque</strong></span> <span class='ocrx_word' id='word_1_79' title='bbox 2072 380 2099 412; x_wconf 80' lang='lat' dir='ltr'><strong>si</strong></span> 
     </span>
     <span class='ocr_line' id='line_1_9' title="bbox 242 442 2099 492; baseline -0.003 -10"><span class='ocrx_word' id='word_1_80' title='bbox 242 458 452 490; x_wconf 83' lang='lat' dir='ltr'><strong>argumentum</strong></span> <span class='ocrx_word' id='word_1_81' title='bbox 474 457 611 489; x_wconf 85' lang='lat' dir='ltr'><strong>spectes,</strong></span> <span class='ocrx_word' id='word_1_82' title='bbox 633 453 734 482; x_wconf 90' lang='lat' dir='ltr'><strong>media</strong></span> <span class='ocrx_word' id='word_1_83' title='bbox 755 457 802 482; x_wconf 87' lang='lat' dir='ltr'><strong>est</strong></span> <span class='ocrx_word' id='word_1_84' title='bbox 824 461 928 482; x_wconf 92' lang='lat' dir='ltr'><strong>eorum</strong></span> <span class='ocrx_word' id='word_1_85' title='bbox 948 454 1025 483; x_wconf 90' lang='lat' dir='ltr'><strong>ratio</strong></span> <span class='ocrx_word' id='word_1_86' title='bbox 1047 455 1126 484; x_wconf 90' lang='lat' dir='ltr'><strong>inter</strong></span> <span class='ocrx_word' id='word_1_87' title='bbox 1145 455 1384 492; x_wconf 87' lang='lat' dir='ltr'><strong>antiquissimam</strong></span> <span class='ocrx_word' id='word_1_88' title='bbox 1406 452 1507 481; x_wconf 83' lang='lat' dir='ltr'><strong>Iliadis</strong></span> <span class='ocrx_word' id='word_1_89' title='bbox 1528 454 1646 488; x_wconf 74' lang='lat' dir='ltr'><strong>partem</strong></span> <span class='ocrx_word' id='word_1_90' title='bbox 1669 455 1789 484; x_wconf 85' lang='lat' dir='ltr'><strong>eosque</strong></span> <span class='ocrx_word' id='word_1_91' title='bbox 1808 448 1936 483; x_wconf 76' lang='lat' dir='ltr'><strong>poetas,</strong></span> <span class='ocrx_word' id='word_1_92' title='bbox 1955 442 2007 478; x_wconf 67' lang='lat' dir='ltr'><strong>qui</strong></span> <span class='ocrx_word' id='word_1_93' title='bbox 2026 444 2099 477; x_wconf 57' lang='lat'><strong>90⁸²</strong></span> 
     </span>
     <span class='ocr_line' id='line_1_10' title="bbox 242 510 579 542; baseline 0 -1"><span class='ocrx_word' id='word_1_94' title='bbox 242 512 407 542; x_wconf 83' lang='lat' dir='ltr'><strong>Homerum</strong></span> <span class='ocrx_word' id='word_1_95' title='bbox 430 510 579 541; x_wconf 89' lang='lat' dir='ltr'><strong>vixerunt.</strong></span> 
     </span>
    </p>

    <p class='ocr_par' dir='ltr' id='par_1_5' title="bbox 243 555 2100 2508">
     <span class='ocr_line' id='line_1_11' title="bbox 346 555 2097 606; baseline -0.007 -9"><span class='ocrx_word' id='word_1_96' title='bbox 346 569 406 597; x_wconf 84' lang='lat' dir='ltr'><strong>Iam</strong></span> <span class='ocrx_word' id='word_1_97' title='bbox 430 568 500 597; x_wconf 89' lang='lat' dir='ltr'><strong>mihi</strong></span> <span class='ocrx_word' id='word_1_98' title='bbox 519 568 619 603; x_wconf 88' lang='lat' dir='ltr'><strong>liceat,</strong></span> <span class='ocrx_word' id='word_1_99' title='bbox 641 577 731 605; x_wconf 89' lang='lat' dir='ltr'><strong>quam</strong></span> <span class='ocrx_word' id='word_1_100' title='bbox 753 568 945 606; x_wconf 88' lang='lat' dir='ltr'><strong>paucissimis</strong></span> <span class='ocrx_word' id='word_1_101' title='bbox 960 573 1085 605; x_wconf 79' lang='lat' dir='ltr'><strong>potero,</strong></span> <span class='ocrx_word' id='word_1_102' title='bbox 1106 573 1245 606; x_wconf 91' lang='lat' dir='ltr'><strong>repetere</strong></span> <span class='ocrx_word' id='word_1_103' title='bbox 1265 577 1316 605; x_wconf 85' lang='lat' dir='ltr'><strong>ea,</strong></span> <span class='ocrx_word' id='word_1_104' title='bbox 1341 576 1420 605; x_wconf 84' lang='lat' dir='ltr'><strong>quae</strong></span> <span class='ocrx_word' id='word_1_105' title='bbox 1439 567 1549 597; x_wconf 87' lang='lat' dir='ltr'><strong>abhinc</strong></span> <span class='ocrx_word' id='word_1_106' title='bbox 1569 567 1649 595; x_wconf 91' lang='lat' dir='ltr'><strong>duos</strong></span> <span class='ocrx_word' id='word_1_107' title='bbox 1671 565 1736 593; x_wconf 81' lang='lat' dir='ltr'><strong>sere</strong></span> <span class='ocrx_word' id='word_1_108' title='bbox 1759 569 1868 595; x_wconf 88' lang='lat' dir='ltr'><strong>annos,</strong></span> <span class='ocrx_word' id='word_1_109' title='bbox 1891 558 2028 588; x_wconf 91' lang='lat' dir='ltr'><strong>nondum</strong></span> <span class='ocrx_word' id='word_1_110' title='bbox 2050 555 2097 585; x_wconf 84' lang='lat' dir='ltr'><strong>his</strong></span> 
     </span>
     <span class='ocr_line' id='line_1_12' title="bbox 245 613 2095 664; baseline -0.005 -8"><span class='ocrx_word' id='word_1_111' title='bbox 245 635 323 664; x_wconf 91' lang='lat' dir='ltr'><strong>quae</strong></span> <span class='ocrx_word' id='word_1_112' title='bbox 344 627 435 657; x_wconf 92' lang='lat' dir='ltr'><strong>modo</strong></span> <span class='ocrx_word' id='word_1_113' title='bbox 458 626 588 664; x_wconf 87' lang='lat' dir='ltr'><strong>exposui</strong></span> <span class='ocrx_word' id='word_1_114' title='bbox 609 627 648 656; x_wconf 86' lang='lat' dir='ltr'><strong>ad</strong></span> <span class='ocrx_word' id='word_1_115' title='bbox 669 626 812 663; x_wconf 89' lang='lat' dir='ltr'><strong>liquidum</strong></span> <span class='ocrx_word' id='word_1_116' title='bbox 835 626 1005 664; x_wconf 84' lang='lat' dir='ltr'><strong>perductiS,</strong></span> <span class='ocrx_word' id='word_1_117' title='bbox 1028 627 1066 656; x_wconf 88' lang='lat' dir='ltr'><strong>de</strong></span> <span class='ocrx_word' id='word_1_118' title='bbox 1087 627 1195 657; x_wconf 91' lang='lat' dir='ltr'><strong>iisdem</strong></span> <span class='ocrx_word' id='word_1_119' title='bbox 1218 627 1301 657; x_wconf 89' lang='lat' dir='ltr'><strong>libris</strong></span> <span class='ocrx_word' id='word_1_120' title='bbox 1323 626 1399 662; x_wconf 85' lang='lat' dir='ltr'><strong>dixi,</strong></span> <span class='ocrx_word' id='word_1_121' title='bbox 1420 624 1568 663; x_wconf 87' lang='lat' dir='ltr'><strong>principio</strong></span> <span class='ocrx_word' id='word_1_122' title='bbox 1588 618 1860 660; x_wconf 75' lang='lat' dir='ltr'><strong>argumentationis</strong></span> <span class='ocrx_word' id='word_1_123' title='bbox 1880 626 1899 647; x_wconf 89' lang='lat' dir='ltr'><strong>a</strong></span> <span class='ocrx_word' id='word_1_124' title='bbox 1921 618 2015 653; x_wconf 83' lang='lat' dir='ltr'><strong>longe</strong></span> <span class='ocrx_word' id='word_1_125' title='bbox 2035 613 2095 644; x_wconf 75' lang='lat' dir='ltr'><strong>alia</strong></span> 
     </span>
     <span class='ocr_line' id='line_1_13' title="bbox 244 673 2098 722; baseline -0.006 -8"><span class='ocrx_word' id='word_1_126' title='bbox 244 693 277 714; x_wconf 92' lang='lat' dir='ltr'><strong>re</strong></span> <span class='ocrx_word' id='word_1_127' title='bbox 303 689 425 722; x_wconf 90' lang='lat' dir='ltr'><strong>sumpto</strong></span> <span class='ocrx_word' id='word_1_128' title='bbox 437 685 476 719; x_wconf 86' lang='lat'><strong>*).</strong></span> <span class='ocrx_word' id='word_1_129' title='bbox 520 684 587 713; x_wconf 91' lang='lat' dir='ltr'><strong>Dixi</strong></span> <span class='ocrx_word' id='word_1_130' title='bbox 612 683 690 713; x_wconf 91' lang='lat' dir='ltr'><strong>enim</strong></span> <span class='ocrx_word' id='word_1_131' title='bbox 721 684 805 720; x_wconf 90' lang='lat' dir='ltr'><strong>(nihil</strong></span> <span class='ocrx_word' id='word_1_132' title='bbox 832 693 915 722; x_wconf 92' lang='lat' dir='ltr'><strong>pono</strong></span> <span class='ocrx_word' id='word_1_133' title='bbox 937 684 995 714; x_wconf 91' lang='lat' dir='ltr'><strong>nisi</strong></span> <span class='ocrx_word' id='word_1_134' title='bbox 1013 682 1119 721; x_wconf 82' lang='lat' dir='ltr'><strong>&#39;capita</strong></span> <span class='ocrx_word' id='word_1_135' title='bbox 1146 685 1202 720; x_wconf 92' lang='lat' dir='ltr'><strong>rei)</strong></span> <span class='ocrx_word' id='word_1_136' title='bbox 1231 684 1477 722; x_wconf 81' lang='lat' dir='ltr'><strong>praepositiones</strong></span> <span class='ocrx_word' id='word_1_137' title='bbox 1499 680 1550 718; x_wconf 76' lang='grc' dir='ltr'><strong>ἐν,</strong></span> <span class='ocrx_word' id='word_1_138' title='bbox 1575 679 1622 717; x_wconf 80' lang='grc' dir='ltr'><strong>ἐξ,</strong></span> <span class='ocrx_word' id='word_1_139' title='bbox 1645 680 1691 715; x_wconf 79' lang='grc' dir='ltr'><strong>εἰς</strong></span> <span class='ocrx_word' id='word_1_140' title='bbox 1708 681 1737 709; x_wconf 94' lang='lat' dir='ltr'><strong>in</strong></span> <span class='ocrx_word' id='word_1_141' title='bbox 1759 677 1864 715; x_wconf 86' lang='lat' dir='ltr'><strong>priore</strong></span> <span class='ocrx_word' id='word_1_142' title='bbox 1884 673 1988 705; x_wconf 78' lang='lat' dir='ltr'><strong>Iliadis</strong></span> <span class='ocrx_word' id='word_1_143' title='bbox 2010 675 2098 710; x_wconf 85' lang='lat' dir='ltr'><strong>parte</strong></span> 
     </span>
     <span class='ocr_line' id='line_1_14' title="bbox 243 732 2096 779; baseline -0.008 -6"><span class='ocrx_word' id='word_1_144' title='bbox 243 743 415 773; x_wconf 92' lang='lat' dir='ltr'><strong>nominibus</strong></span> <span class='ocrx_word' id='word_1_145' title='bbox 427 742 497 771; x_wconf 84' lang='lat' dir='ltr'><strong>addi</strong></span> <span class='ocrx_word' id='word_1_146' title='bbox 517 750 620 771; x_wconf 87' lang='lat' dir='ltr'><strong>earum</strong></span> <span class='ocrx_word' id='word_1_147' title='bbox 642 745 757 771; x_wconf 87' lang='lat' dir='ltr'><strong>tantum</strong></span> <span class='ocrx_word' id='word_1_148' title='bbox 778 750 887 778; x_wconf 87' lang='lat' dir='ltr'><strong>rerum,</strong></span> <span class='ocrx_word' id='word_1_149' title='bbox 909 751 987 779; x_wconf 88' lang='lat' dir='ltr'><strong>quae</strong></span> <span class='ocrx_word' id='word_1_150' title='bbox 1007 747 1108 772; x_wconf 87' lang='lat' dir='ltr'><strong>certae</strong></span> <span class='ocrx_word' id='word_1_151' title='bbox 1130 751 1166 772; x_wconf 86' lang='lat' dir='ltr'><strong>ac</strong></span> <span class='ocrx_word' id='word_1_152' title='bbox 1189 743 1330 773; x_wconf 82' lang='lat' dir='ltr'><strong>definitae</strong></span> <span class='ocrx_word' id='word_1_153' title='bbox 1351 743 1411 772; x_wconf 91' lang='lat' dir='ltr'><strong>sint</strong></span> <span class='ocrx_word' id='word_1_154' title='bbox 1431 741 1635 777; x_wconf 87' lang='lat' dir='ltr'><strong>sensibusque</strong></span> <span class='ocrx_word' id='word_1_155' title='bbox 1649 737 1866 776; x_wconf 83' lang='lat' dir='ltr'><strong>percipiantur,</strong></span> <span class='ocrx_word' id='word_1_156' title='bbox 1886 732 1994 770; x_wconf 79' lang='lat' dir='ltr'><strong>qualia</strong></span> <span class='ocrx_word' id='word_1_157' title='bbox 2009 733 2096 761; x_wconf 88' lang='lat' dir='ltr'><strong>sunt:</strong></span> 
     </span>
     <span class='ocr_line' id='line_1_15' title="bbox 243 787 2098 837; baseline -0.006 -8"><span class='ocrx_word' id='word_1_158' title='bbox 243 801 272 829; x_wconf 91' lang='lat' dir='ltr'><strong>in</strong></span> <span class='ocrx_word' id='word_1_159' title='bbox 295 809 384 837; x_wconf 90' lang='lat' dir='ltr'><strong>aqua,</strong></span> <span class='ocrx_word' id='word_1_160' title='bbox 406 809 445 829; x_wconf 89' lang='lat' dir='ltr'><strong>ex</strong></span> <span class='ocrx_word' id='word_1_161' title='bbox 464 808 552 836; x_wconf 86' lang='lat' dir='ltr'><strong>aqua,</strong></span> <span class='ocrx_word' id='word_1_162' title='bbox 575 799 602 827; x_wconf 92' lang='lat' dir='ltr'><strong>in</strong></span> <span class='ocrx_word' id='word_1_163' title='bbox 624 808 750 835; x_wconf 89' lang='lat' dir='ltr'><strong>aquam:</strong></span> <span class='ocrx_word' id='word_1_164' title='bbox 773 809 834 829; x_wconf 90' lang='lat' dir='ltr'><strong>non</strong></span> <span class='ocrx_word' id='word_1_165' title='bbox 858 800 929 829; x_wconf 90' lang='lat' dir='ltr'><strong>addi</strong></span> <span class='ocrx_word' id='word_1_166' title='bbox 950 800 1122 829; x_wconf 91' lang='lat' dir='ltr'><strong>nominibus</strong></span> <span class='ocrx_word' id='word_1_167' title='bbox 1143 809 1246 829; x_wconf 90' lang='lat' dir='ltr'><strong>earum</strong></span> <span class='ocrx_word' id='word_1_168' title='bbox 1268 809 1378 836; x_wconf 91' lang='lat' dir='ltr'><strong>rerum,</strong></span> <span class='ocrx_word' id='word_1_169' title='bbox 1404 808 1483 836; x_wconf 85' lang='lat' dir='ltr'><strong>quae</strong></span> <span class='ocrx_word' id='word_1_170' title='bbox 1503 799 1564 828; x_wconf 86' lang='lat' dir='ltr'><strong>sint</strong></span> <span class='ocrx_word' id='word_1_171' title='bbox 1585 796 1720 826; x_wconf 85' lang='lat' dir='ltr'><strong>infinitae</strong></span> <span class='ocrx_word' id='word_1_172' title='bbox 1741 802 1778 823; x_wconf 87' lang='lat' dir='ltr'><strong>ac</strong></span> <span class='ocrx_word' id='word_1_173' title='bbox 1800 796 1902 822; x_wconf 90' lang='lat' dir='ltr'><strong>mente</strong></span> <span class='ocrx_word' id='word_1_174' title='bbox 1918 799 1980 820; x_wconf 90' lang='lat' dir='ltr'><strong>non</strong></span> <span class='ocrx_word' id='word_1_175' title='bbox 2000 787 2098 819; x_wconf 85' lang='lat' dir='ltr'><strong>sensi-</strong></span> 
     </span>
     <span class='ocr_line' id='line_1_16' title="bbox 243 847 2096 895; baseline -0.007 -8"><span class='ocrx_word' id='word_1_176' title='bbox 243 859 301 887; x_wconf 90' lang='lat' dir='ltr'><strong>bus</strong></span> <span class='ocrx_word' id='word_1_177' title='bbox 324 857 542 895; x_wconf 83' lang='lat' dir='ltr'><strong>percipiantur,</strong></span> <span class='ocrx_word' id='word_1_178' title='bbox 572 866 632 886; x_wconf 95' lang='lat' dir='ltr'><strong>non</strong></span> <span class='ocrx_word' id='word_1_179' title='bbox 657 857 748 893; x_wconf 85' lang='lat' dir='ltr'><strong>igitur</strong></span> <span class='ocrx_word' id='word_1_180' title='bbox 768 857 894 887; x_wconf 90' lang='lat' dir='ltr'><strong>inveniri</strong></span> <span class='ocrx_word' id='word_1_181' title='bbox 915 858 945 886; x_wconf 92' lang='lat' dir='ltr'><strong>in</strong></span> <span class='ocrx_word' id='word_1_182' title='bbox 967 859 1024 887; x_wconf 93' lang='lat' dir='ltr'><strong>hac</strong></span> <span class='ocrx_word' id='word_1_183' title='bbox 1045 863 1131 894; x_wconf 90' lang='lat' dir='ltr'><strong>parte</strong></span> <span class='ocrx_word' id='word_1_184' title='bbox 1153 858 1261 890; x_wconf 23' lang='lat' dir='ltr'><strong>niadis,</strong></span> <span class='ocrx_word' id='word_1_185' title='bbox 1274 858 1345 887; x_wconf 84' lang='lat' dir='ltr'><strong>talla</strong></span> <span class='ocrx_word' id='word_1_186' title='bbox 1364 858 1464 894; x_wconf 91' lang='lat' dir='ltr'><strong>qualia</strong></span> <span class='ocrx_word' id='word_1_187' title='bbox 1485 861 1569 886; x_wconf 88' lang='lat' dir='ltr'><strong>sunt:</strong></span> <span class='ocrx_word' id='word_1_188' title='bbox 1600 855 1628 884; x_wconf 92' lang='lat' dir='ltr'><strong>in</strong></span> <span class='ocrx_word' id='word_1_189' title='bbox 1650 854 1746 888; x_wconf 89' lang='lat' dir='ltr'><strong>bello,</strong></span> <span class='ocrx_word' id='word_1_190' title='bbox 1767 860 1785 880; x_wconf 90' lang='lat' dir='ltr'><strong>e</strong></span> <span class='ocrx_word' id='word_1_191' title='bbox 1805 851 1901 884; x_wconf 84' lang='lat' dir='ltr'><strong>bello,</strong></span> <span class='ocrx_word' id='word_1_192' title='bbox 1924 849 1953 878; x_wconf 90' lang='lat' dir='ltr'><strong>in</strong></span> <span class='ocrx_word' id='word_1_193' title='bbox 1972 847 2096 876; x_wconf 89' lang='lat' dir='ltr'><strong>bellum.</strong></span> 
     </span>
     <span class='ocr_line' id='line_1_17' title="bbox 244 902 2096 951; baseline -0.005 -7"><span class='ocrx_word' id='word_1_194' title='bbox 244 916 308 944; x_wconf 91' lang='lat' dir='ltr'><strong>Non</strong></span> <span class='ocrx_word' id='word_1_195' title='bbox 334 914 412 944; x_wconf 91' lang='lat' dir='ltr'><strong>enim</strong></span> <span class='ocrx_word' id='word_1_196' title='bbox 441 915 551 943; x_wconf 84' lang='lat' dir='ltr'><strong>bellum</strong></span> <span class='ocrx_word' id='word_1_197' title='bbox 580 913 681 951; x_wconf 88' lang='lat' dir='ltr'><strong>ipsum</strong></span> <span class='ocrx_word' id='word_1_198' title='bbox 704 913 800 943; x_wconf 87' lang='lat' dir='ltr'><strong>oculis</strong></span> <span class='ocrx_word' id='word_1_199' title='bbox 822 915 988 951; x_wconf 85' lang='lat' dir='ltr'><strong>cernimus,</strong></span> <span class='ocrx_word' id='word_1_200' title='bbox 1016 915 1073 944; x_wconf 91' lang='lat' dir='ltr'><strong>sed</strong></span> <span class='ocrx_word' id='word_1_201' title='bbox 1099 914 1237 944; x_wconf 92' lang='lat' dir='ltr'><strong>homines</strong></span> <span class='ocrx_word' id='word_1_202' title='bbox 1261 914 1453 943; x_wconf 78' lang='lat' dir='ltr'><strong>dimicantes:</strong></span> <span class='ocrx_word' id='word_1_203' title='bbox 1482 914 1593 942; x_wconf 88' lang='lat' dir='ltr'><strong>bellum</strong></span> <span class='ocrx_word' id='word_1_204' title='bbox 1619 912 1649 940; x_wconf 91' lang='lat' dir='ltr'><strong>id</strong></span> <span class='ocrx_word' id='word_1_205' title='bbox 1675 917 1746 939; x_wconf 92' lang='lat' dir='ltr'><strong>esse</strong></span> <span class='ocrx_word' id='word_1_206' title='bbox 1774 907 1955 944; x_wconf 84' lang='lat' dir='ltr'><strong>cogitamus.</strong></span> <span class='ocrx_word' id='word_1_207' title='bbox 1999 904 2032 932; x_wconf 91' lang='lat' dir='ltr'><strong>In</strong></span> <span class='ocrx_word' id='word_1_208' title='bbox 2059 902 2096 931; x_wconf 80' lang='lat' dir='ltr'><strong>iis</strong></span> 
     </span>
     <span class='ocr_line' id='line_1_18' title="bbox 245 962 2095 1011; baseline -0.006 -10"><span class='ocrx_word' id='word_1_209' title='bbox 245 981 319 1003; x_wconf 92' lang='lat' dir='ltr'><strong>vero</strong></span> <span class='ocrx_word' id='word_1_210' title='bbox 341 972 440 1009; x_wconf 88' lang='lat' dir='ltr'><strong>libris,</strong></span> <span class='ocrx_word' id='word_1_211' title='bbox 468 972 519 1010; x_wconf 91' lang='lat' dir='ltr'><strong>qui</strong></span> <span class='ocrx_word' id='word_1_212' title='bbox 538 972 626 1002; x_wconf 88' lang='lat' dir='ltr'><strong>medii</strong></span> <span class='ocrx_word' id='word_1_213' title='bbox 649 973 711 1002; x_wconf 80' lang='lat' dir='ltr'><strong>sere</strong></span> <span class='ocrx_word' id='word_1_214' title='bbox 736 977 807 1002; x_wconf 89' lang='lat' dir='ltr'><strong>sunt</strong></span> <span class='ocrx_word' id='word_1_215' title='bbox 829 973 945 1010; x_wconf 84' lang='lat' dir='ltr'><strong>Iliadis,</strong></span> <span class='ocrx_word' id='word_1_216' title='bbox 973 972 1153 1011; x_wconf 87' lang='lat' dir='ltr'><strong>saepissime</strong></span> <span class='ocrx_word' id='word_1_217' title='bbox 1175 972 1360 1002; x_wconf 87' lang='lat' dir='ltr'><strong>invenimus:</strong></span> <span class='ocrx_word' id='word_1_218' title='bbox 1388 972 1417 1001; x_wconf 90' lang='lat' dir='ltr'><strong>in</strong></span> <span class='ocrx_word' id='word_1_219' title='bbox 1436 972 1516 1001; x_wconf 92' lang='lat' dir='ltr'><strong>bello</strong></span> <span class='ocrx_word' id='word_1_220' title='bbox 1537 978 1678 1008; x_wconf 91' lang='lat' dir='ltr'><strong>quaeque</strong></span> <span class='ocrx_word' id='word_1_221' title='bbox 1705 966 1843 997; x_wconf 88' lang='lat' dir='ltr'><strong>eiusdem</strong></span> <span class='ocrx_word' id='word_1_222' title='bbox 1866 962 1990 1001; x_wconf 88' lang='lat' dir='ltr'><strong>generis</strong></span> <span class='ocrx_word' id='word_1_223' title='bbox 2012 965 2095 991; x_wconf 87' lang='lat' dir='ltr'><strong>sunt.</strong></span> 
     </span>
     <span class='ocr_line' id='line_1_19' title="bbox 244 1022 2095 1069; baseline -0.006 -9"><span class='ocrx_word' id='word_1_224' title='bbox 244 1031 406 1060; x_wconf 90' lang='lat' dir='ltr'><strong>Adduntur</strong></span> <span class='ocrx_word' id='word_1_225' title='bbox 427 1030 504 1060; x_wconf 88' lang='lat' dir='ltr'><strong>enim</strong></span> <span class='ocrx_word' id='word_1_226' title='bbox 524 1031 553 1059; x_wconf 90' lang='lat' dir='ltr'><strong>in</strong></span> <span class='ocrx_word' id='word_1_227' title='bbox 576 1031 622 1060; x_wconf 88' lang='lat' dir='ltr'><strong>his</strong></span> <span class='ocrx_word' id='word_1_228' title='bbox 640 1030 722 1060; x_wconf 90' lang='lat' dir='ltr'><strong>libris</strong></span> <span class='ocrx_word' id='word_1_229' title='bbox 743 1030 812 1060; x_wconf 82' lang='lat' dir='ltr'><strong>illae</strong></span> <span class='ocrx_word' id='word_1_230' title='bbox 833 1031 1077 1069; x_wconf 84' lang='lat' dir='ltr'><strong>praepositiones</strong></span> <span class='ocrx_word' id='word_1_231' title='bbox 1098 1031 1135 1060; x_wconf 91' lang='lat' dir='ltr'><strong>iis</strong></span> <span class='ocrx_word' id='word_1_232' title='bbox 1157 1039 1281 1067; x_wconf 89' lang='lat' dir='ltr'><strong>quoque</strong></span> <span class='ocrx_word' id='word_1_233' title='bbox 1303 1030 1488 1065; x_wconf 88' lang='lat' dir='ltr'><strong>nominibus,</strong></span> <span class='ocrx_word' id='word_1_234' title='bbox 1518 1037 1596 1065; x_wconf 90' lang='lat' dir='ltr'><strong>quae</strong></span> <span class='ocrx_word' id='word_1_235' title='bbox 1617 1035 1668 1057; x_wconf 87' lang='lat' dir='ltr'><strong>res</strong></span> <span class='ocrx_word' id='word_1_236' title='bbox 1689 1026 1718 1055; x_wconf 92' lang='lat' dir='ltr'><strong>in</strong></span> <span class='ocrx_word' id='word_1_237' title='bbox 1743 1023 1928 1061; x_wconf 75' lang='lat' dir='ltr'><strong>cogitatione</strong></span> <span class='ocrx_word' id='word_1_238' title='bbox 1952 1022 2020 1051; x_wconf 90' lang='lat' dir='ltr'><strong>sola</strong></span> <span class='ocrx_word' id='word_1_239' title='bbox 2041 1028 2095 1057; x_wconf 91' lang='lat' dir='ltr'><strong>po-</strong></span> 
     </span>
     <span class='ocr_line' id='line_1_20' title="bbox 247 1080 2094 1127; baseline -0.006 -8"><span class='ocrx_word' id='word_1_240' title='bbox 247 1088 331 1125; x_wconf 82' lang='lat' dir='ltr'><strong>sitas,</strong></span> <span class='ocrx_word' id='word_1_241' title='bbox 354 1097 415 1118; x_wconf 90' lang='lat' dir='ltr'><strong>non</strong></span> <span class='ocrx_word' id='word_1_242' title='bbox 433 1088 574 1118; x_wconf 88' lang='lat' dir='ltr'><strong>sensibus</strong></span> <span class='ocrx_word' id='word_1_243' title='bbox 597 1093 757 1126; x_wconf 81' lang='lat' dir='ltr'><strong>perceptas</strong></span> <span class='ocrx_word' id='word_1_244' title='bbox 783 1089 962 1126; x_wconf 87' lang='lat' dir='ltr'><strong>significent.</strong></span> <span class='ocrx_word' id='word_1_245' title='bbox 1006 1087 1144 1127; x_wconf 80' lang='lat' dir='ltr'><strong>Apparet</strong></span> <span class='ocrx_word' id='word_1_246' title='bbox 1171 1089 1199 1118; x_wconf 90' lang='lat' dir='ltr'><strong>in</strong></span> <span class='ocrx_word' id='word_1_247' title='bbox 1228 1089 1274 1118; x_wconf 90' lang='lat' dir='ltr'><strong>his</strong></span> <span class='ocrx_word' id='word_1_248' title='bbox 1303 1089 1486 1117; x_wconf 84' lang='lat' dir='ltr'><strong>immutatam</strong></span> <span class='ocrx_word' id='word_1_249' title='bbox 1509 1095 1579 1116; x_wconf 86' lang='lat' dir='ltr'><strong>esse</strong></span> <span class='ocrx_word' id='word_1_250' title='bbox 1610 1082 1761 1115; x_wconf 90' lang='lat' dir='ltr'><strong>sermonis</strong></span> <span class='ocrx_word' id='word_1_251' title='bbox 1783 1082 1942 1112; x_wconf 86' lang='lat' dir='ltr'><strong>rationem.</strong></span> <span class='ocrx_word' id='word_1_252' title='bbox 1986 1080 2094 1116; x_wconf 85' lang='lat' dir='ltr'><strong>Neque</strong></span> 
     </span>
     <span class='ocr_line' id='line_1_21' title="bbox 246 1136 2094 1184; baseline -0.005 -9"><span class='ocrx_word' id='word_1_253' title='bbox 246 1146 345 1184; x_wconf 88' lang='lat' dir='ltr'><strong>potuit</strong></span> <span class='ocrx_word' id='word_1_254' title='bbox 367 1149 526 1183; x_wconf 91' lang='lat' dir='ltr'><strong>tantopere</strong></span> <span class='ocrx_word' id='word_1_255' title='bbox 551 1146 699 1176; x_wconf 86' lang='lat' dir='ltr'><strong>immutari</strong></span> <span class='ocrx_word' id='word_1_256' title='bbox 720 1147 805 1175; x_wconf 92' lang='lat' dir='ltr'><strong>brevi</strong></span> <span class='ocrx_word' id='word_1_257' title='bbox 824 1147 970 1184; x_wconf 88' lang='lat' dir='ltr'><strong>temporis</strong></span> <span class='ocrx_word' id='word_1_258' title='bbox 993 1146 1108 1184; x_wconf 77' lang='lat' dir='ltr'><strong>spatio,</strong></span> <span class='ocrx_word' id='word_1_259' title='bbox 1133 1148 1222 1183; x_wconf 89' lang='lat' dir='ltr'><strong>quale</strong></span> <span class='ocrx_word' id='word_1_260' title='bbox 1250 1150 1298 1175; x_wconf 88' lang='lat' dir='ltr'><strong>est</strong></span> <span class='ocrx_word' id='word_1_261' title='bbox 1323 1146 1412 1175; x_wconf 91' lang='lat' dir='ltr'><strong>unius</strong></span> <span class='ocrx_word' id='word_1_262' title='bbox 1439 1144 1569 1174; x_wconf 86' lang='lat' dir='ltr'><strong>hominis</strong></span> <span class='ocrx_word' id='word_1_263' title='bbox 1598 1143 1667 1172; x_wconf 84' lang='lat' dir='ltr'><strong>vita.</strong></span> <span class='ocrx_word' id='word_1_264' title='bbox 1723 1142 1823 1178; x_wconf 79' lang='lat' dir='ltr'><strong>Quare</strong></span> <span class='ocrx_word' id='word_1_265' title='bbox 1850 1143 1915 1169; x_wconf 90' lang='lat' dir='ltr'><strong>tum</strong></span> <span class='ocrx_word' id='word_1_266' title='bbox 1944 1136 2094 1174; x_wconf 87' lang='lat' dir='ltr'><strong>temporis</strong></span> 
     </span>
     <span class='ocr_line' id='line_1_22' title="bbox 247 1195 2095 1241; baseline -0.005 -8"><span class='ocrx_word' id='word_1_267' title='bbox 247 1203 338 1233; x_wconf 88' lang='lat' dir='ltr'><strong>statui</strong></span> <span class='ocrx_word' id='word_1_268' title='bbox 358 1203 447 1232; x_wconf 88' lang='lat' dir='ltr'><strong>alium</strong></span> <span class='ocrx_word' id='word_1_269' title='bbox 467 1204 562 1233; x_wconf 83' lang='lat' dir='ltr'><strong>fuisse</strong></span> <span class='ocrx_word' id='word_1_270' title='bbox 575 1208 705 1240; x_wconf 84' lang='lat' dir='ltr'><strong>poetam,</strong></span> <span class='ocrx_word' id='word_1_271' title='bbox 728 1213 746 1233; x_wconf 87' lang='lat' dir='ltr'><strong>a</strong></span> <span class='ocrx_word' id='word_1_272' title='bbox 768 1213 829 1240; x_wconf 90' lang='lat' dir='ltr'><strong>quo</strong></span> <span class='ocrx_word' id='word_1_273' title='bbox 852 1204 1028 1241; x_wconf 87' lang='lat' dir='ltr'><strong>superiores</strong></span> <span class='ocrx_word' id='word_1_274' title='bbox 1050 1204 1117 1233; x_wconf 90' lang='lat' dir='ltr'><strong>libri</strong></span> <span class='ocrx_word' id='word_1_275' title='bbox 1138 1204 1267 1241; x_wconf 80' lang='lat' dir='ltr'><strong>profecti</strong></span> <span class='ocrx_word' id='word_1_276' title='bbox 1287 1207 1406 1233; x_wconf 85' lang='lat' dir='ltr'><strong>essent:</strong></span> <span class='ocrx_word' id='word_1_277' title='bbox 1428 1202 1519 1231; x_wconf 87' lang='lat' dir='ltr'><strong>alium</strong></span> <span class='ocrx_word' id='word_1_278' title='bbox 1538 1209 1642 1238; x_wconf 91' lang='lat' dir='ltr'><strong>porro,</strong></span> <span class='ocrx_word' id='word_1_279' title='bbox 1665 1208 1684 1228; x_wconf 85' lang='lat' dir='ltr'><strong>a</strong></span> <span class='ocrx_word' id='word_1_280' title='bbox 1706 1208 1767 1236; x_wconf 89' lang='lat' dir='ltr'><strong>quo</strong></span> <span class='ocrx_word' id='word_1_281' title='bbox 1790 1198 1829 1233; x_wconf 91' lang='lat' dir='ltr'><strong>hi,</strong></span> <span class='ocrx_word' id='word_1_282' title='bbox 1849 1196 1901 1234; x_wconf 87' lang='lat' dir='ltr'><strong>qui</strong></span> <span class='ocrx_word' id='word_1_283' title='bbox 1923 1195 2015 1225; x_wconf 90' lang='lat' dir='ltr'><strong>medii</strong></span> <span class='ocrx_word' id='word_1_284' title='bbox 2034 1195 2095 1224; x_wconf 91' lang='lat' dir='ltr'><strong>col-</strong></span> 
     </span>
     <span class='ocr_line' id='line_1_23' title="bbox 247 1253 2096 1298; baseline -0.005 -8"><span class='ocrx_word' id='word_1_285' title='bbox 247 1262 394 1290; x_wconf 86' lang='lat' dir='ltr'><strong>locantur.</strong></span> <span class='ocrx_word' id='word_1_286' title='bbox 438 1261 525 1297; x_wconf 79' lang='lat' dir='ltr'><strong>Quod</strong></span> <span class='ocrx_word' id='word_1_287' title='bbox 554 1264 616 1289; x_wconf 88' lang='lat' dir='ltr'><strong>tum</strong></span> <span class='ocrx_word' id='word_1_288' title='bbox 643 1261 827 1297; x_wconf 83' lang='lat' dir='ltr'><strong>argumentis</strong></span> <span class='ocrx_word' id='word_1_289' title='bbox 855 1269 894 1291; x_wconf 89' lang='lat' dir='ltr'><strong>ex</strong></span> <span class='ocrx_word' id='word_1_290' title='bbox 918 1270 977 1291; x_wconf 90' lang='lat' dir='ltr'><strong>usu</strong></span> <span class='ocrx_word' id='word_1_291' title='bbox 1001 1261 1147 1298; x_wconf 88' lang='lat' dir='ltr'><strong>loquendi</strong></span> <span class='ocrx_word' id='word_1_292' title='bbox 1174 1261 1342 1298; x_wconf 86' lang='lat' dir='ltr'><strong>desumptis</strong></span> <span class='ocrx_word' id='word_1_293' title='bbox 1366 1260 1469 1295; x_wconf 88' lang='lat' dir='ltr'><strong>statui,</strong></span> <span class='ocrx_word' id='word_1_294' title='bbox 1503 1259 1533 1288; x_wconf 90' lang='lat' dir='ltr'><strong>id</strong></span> <span class='ocrx_word' id='word_1_295' title='bbox 1562 1257 1684 1295; x_wconf 83' lang='lat' dir='ltr'><strong>egregie</strong></span> <span class='ocrx_word' id='word_1_296' title='bbox 1707 1256 1905 1286; x_wconf 85' lang='lat' dir='ltr'><strong>confirmatur</strong></span> <span class='ocrx_word' id='word_1_297' title='bbox 1932 1253 1985 1289; x_wconf 86' lang='lat' dir='ltr'><strong>iis,</strong></span> <span class='ocrx_word' id='word_1_298' title='bbox 2015 1259 2096 1289; x_wconf 82' lang='lat' dir='ltr'><strong>quae</strong></span> 
     </span>
     <span class='ocr_line' id='line_1_24' title="bbox 248 1312 2096 1355; baseline -0.005 -7"><span class='ocrx_word' id='word_1_299' title='bbox 248 1327 341 1355; x_wconf 88' lang='lat' dir='ltr'><strong>supra</strong></span> <span class='ocrx_word' id='word_1_300' title='bbox 362 1318 502 1355; x_wconf 89' lang='lat' dir='ltr'><strong>exposui.</strong></span> <span class='ocrx_word' id='word_1_301' title='bbox 546 1318 601 1355; x_wconf 84' lang='lat' dir='ltr'><strong>Qui</strong></span> <span class='ocrx_word' id='word_1_302' title='bbox 623 1318 700 1347; x_wconf 91' lang='lat' dir='ltr'><strong>enim</strong></span> <span class='ocrx_word' id='word_1_303' title='bbox 722 1318 811 1348; x_wconf 92' lang='lat' dir='ltr'><strong>alium</strong></span> <span class='ocrx_word' id='word_1_304' title='bbox 829 1322 1000 1355; x_wconf 84' lang='lat' dir='ltr'><strong>sequuntur</strong></span> <span class='ocrx_word' id='word_1_305' title='bbox 1021 1318 1140 1347; x_wconf 86' lang='lat' dir='ltr'><strong>dicendi</strong></span> <span class='ocrx_word' id='word_1_306' title='bbox 1165 1327 1260 1354; x_wconf 87' lang='lat' dir='ltr'><strong>usum,</strong></span> <span class='ocrx_word' id='word_1_307' title='bbox 1282 1319 1372 1347; x_wconf 90' lang='lat' dir='ltr'><strong>iidem</strong></span> <span class='ocrx_word' id='word_1_308' title='bbox 1386 1317 1451 1347; x_wconf 89' lang='lat' dir='ltr'><strong>libri</strong></span> <span class='ocrx_word' id='word_1_309' title='bbox 1462 1316 1557 1353; x_wconf 88' lang='lat' dir='ltr'><strong>magis</strong></span> <span class='ocrx_word' id='word_1_310' title='bbox 1577 1314 1832 1347; x_wconf 78' lang='lat' dir='ltr'><strong>etiamdifl‘erunt,</strong></span> <span class='ocrx_word' id='word_1_311' title='bbox 1856 1312 1882 1341; x_wconf 90' lang='lat' dir='ltr'><strong>si</strong></span> <span class='ocrx_word' id='word_1_312' title='bbox 1896 1319 1947 1340; x_wconf 90' lang='lat' dir='ltr'><strong>res</strong></span> <span class='ocrx_word' id='word_1_313' title='bbox 1960 1313 2096 1347; x_wconf 83' lang='lat' dir='ltr'><strong>spectes.</strong></span> 
     </span>
     <span class='ocr_line' id='line_1_25' title="bbox 248 1365 2097 1413; baseline -0.005 -9"><span class='ocrx_word' id='word_1_314' title='bbox 248 1376 389 1404; x_wconf 90' lang='lat' dir='ltr'><strong>Nimirum</strong></span> <span class='ocrx_word' id='word_1_315' title='bbox 412 1375 461 1411; x_wconf 89' lang='lat' dir='ltr'><strong>qui</strong></span> <span class='ocrx_word' id='word_1_316' title='bbox 485 1376 552 1405; x_wconf 92' lang='lat' dir='ltr'><strong>illos</strong></span> <span class='ocrx_word' id='word_1_317' title='bbox 578 1376 701 1412; x_wconf 86' lang='lat' dir='ltr'><strong>scripsit</strong></span> <span class='ocrx_word' id='word_1_318' title='bbox 726 1376 872 1405; x_wconf 88' lang='lat' dir='ltr'><strong>cecinitve</strong></span> <span class='ocrx_word' id='word_1_319' title='bbox 891 1379 998 1412; x_wconf 83' lang='lat' dir='ltr'><strong>poeta,</strong></span> <span class='ocrx_word' id='word_1_320' title='bbox 1028 1376 1161 1405; x_wconf 84' lang='lat' dir='ltr'><strong>narravit</strong></span> <span class='ocrx_word' id='word_1_321' title='bbox 1182 1385 1260 1413; x_wconf 84' lang='lat' dir='ltr'><strong>quae</strong></span> <span class='ocrx_word' id='word_1_322' title='bbox 1284 1384 1357 1405; x_wconf 90' lang='lat' dir='ltr'><strong>vera</strong></span> <span class='ocrx_word' id='word_1_323' title='bbox 1377 1379 1427 1404; x_wconf 84' lang='lat' dir='ltr'><strong>aut</strong></span> <span class='ocrx_word' id='word_1_324' title='bbox 1451 1379 1555 1404; x_wconf 90' lang='lat' dir='ltr'><strong>essent</strong></span> <span class='ocrx_word' id='word_1_325' title='bbox 1574 1376 1626 1402; x_wconf 90' lang='lat' dir='ltr'><strong>aut</strong></span> <span class='ocrx_word' id='word_1_326' title='bbox 1644 1371 1703 1408; x_wconf 90' lang='lat' dir='ltr'><strong>ipsi</strong></span> <span class='ocrx_word' id='word_1_327' title='bbox 1724 1379 1796 1400; x_wconf 91' lang='lat' dir='ltr'><strong>esse</strong></span> <span class='ocrx_word' id='word_1_328' title='bbox 1819 1370 2011 1398; x_wconf 70' lang='lat' dir='ltr'><strong>viderentur:</strong></span> <span class='ocrx_word' id='word_1_329' title='bbox 2044 1365 2097 1403; x_wconf 87' lang='lat' dir='ltr'><strong>qui</strong></span> 
     </span>
     <span class='ocr_line' id='line_1_26' title="bbox 248 1416 2096 1469; baseline -0.005 -8"><span class='ocrx_word' id='word_1_330' title='bbox 248 1440 322 1461; x_wconf 85' lang='lat' dir='ltr'><strong>vero</strong></span> <span class='ocrx_word' id='word_1_331' title='bbox 343 1432 400 1462; x_wconf 91' lang='lat' dir='ltr'><strong>hos</strong></span> <span class='ocrx_word' id='word_1_332' title='bbox 421 1440 498 1469; x_wconf 89' lang='lat' dir='ltr'><strong>quae</strong></span> <span class='ocrx_word' id='word_1_333' title='bbox 517 1431 608 1461; x_wconf 86' lang='lat' dir='ltr'><strong>sciret</strong></span> <span class='ocrx_word' id='word_1_334' title='bbox 629 1433 705 1462; x_wconf 86' lang='lat' dir='ltr'><strong>falsa</strong></span> <span class='ocrx_word' id='word_1_335' title='bbox 722 1433 853 1469; x_wconf 88' lang='lat' dir='ltr'><strong>fictaque</strong></span> <span class='ocrx_word' id='word_1_336' title='bbox 878 1439 962 1467; x_wconf 91' lang='lat' dir='ltr'><strong>esse,</strong></span> <span class='ocrx_word' id='word_1_337' title='bbox 991 1432 1073 1461; x_wconf 86' lang='lat' dir='ltr'><strong>omni</strong></span> <span class='ocrx_word' id='word_1_338' title='bbox 1094 1432 1220 1462; x_wconf 82' lang='lat' dir='ltr'><strong>artificio</strong></span> <span class='ocrx_word' id='word_1_339' title='bbox 1243 1432 1386 1466; x_wconf 87' lang='lat' dir='ltr'><strong>annixus,</strong></span> <span class='ocrx_word' id='word_1_340' title='bbox 1410 1435 1444 1461; x_wconf 88' lang='lat' dir='ltr'><strong>ut</strong></span> <span class='ocrx_word' id='word_1_341' title='bbox 1464 1439 1519 1468; x_wconf 92' lang='lat' dir='ltr'><strong>pro</strong></span> <span class='ocrx_word' id='word_1_342' title='bbox 1541 1429 1621 1459; x_wconf 89' lang='lat' dir='ltr'><strong>veris</strong></span> <span class='ocrx_word' id='word_1_343' title='bbox 1641 1429 1837 1458; x_wconf 88' lang='lat' dir='ltr'><strong>haberentur.</strong></span> <span class='ocrx_word' id='word_1_344' title='bbox 1877 1416 2043 1461; x_wconf 86' lang='lat' dir='ltr'><strong>Indignum</strong></span> <span class='ocrx_word' id='word_1_345' title='bbox 2065 1423 2096 1452; x_wconf 91' lang='lat' dir='ltr'><strong>id</strong></span> 
     </span>
     <span class='ocr_line' id='line_1_27' title="bbox 250 1481 2097 1527; baseline -0.005 -8"><span class='ocrx_word' id='word_1_346' title='bbox 250 1490 371 1527; x_wconf 89' lang='lat' dir='ltr'><strong>quidem</strong></span> <span class='ocrx_word' id='word_1_347' title='bbox 399 1493 490 1527; x_wconf 84' lang='lat' dir='ltr'><strong>poeta</strong></span> <span class='ocrx_word' id='word_1_348' title='bbox 508 1489 603 1518; x_wconf 88' lang='lat' dir='ltr'><strong>videri</strong></span> <span class='ocrx_word' id='word_1_349' title='bbox 630 1490 738 1526; x_wconf 87' lang='lat' dir='ltr'><strong>possit.</strong></span> <span class='ocrx_word' id='word_1_350' title='bbox 782 1490 858 1526; x_wconf 80' lang='lat' dir='ltr'><strong>Quid</strong></span> <span class='ocrx_word' id='word_1_351' title='bbox 881 1489 959 1518; x_wconf 91' lang='lat' dir='ltr'><strong>enim</strong></span> <span class='ocrx_word' id='word_1_352' title='bbox 983 1493 1151 1520; x_wconf 86' lang='lat' dir='ltr'><strong>statuemus</strong></span> <span class='ocrx_word' id='word_1_353' title='bbox 1172 1492 1210 1519; x_wconf 92' lang='lat' dir='ltr'><strong>de</strong></span> <span class='ocrx_word' id='word_1_354' title='bbox 1232 1499 1284 1526; x_wconf 93' lang='lat' dir='ltr'><strong>eo,</strong></span> <span class='ocrx_word' id='word_1_355' title='bbox 1314 1491 1363 1527; x_wconf 83' lang='lat' dir='ltr'><strong>qui</strong></span> <span class='ocrx_word' id='word_1_356' title='bbox 1385 1498 1508 1526; x_wconf 84' lang='lat' dir='ltr'><strong>operam</strong></span> <span class='ocrx_word' id='word_1_357' title='bbox 1528 1488 1623 1523; x_wconf 88' lang='lat' dir='ltr'><strong>dedit,</strong></span> <span class='ocrx_word' id='word_1_358' title='bbox 1646 1491 1680 1516; x_wconf 86' lang='lat' dir='ltr'><strong>ut</strong></span> <span class='ocrx_word' id='word_1_359' title='bbox 1700 1488 1838 1522; x_wconf 84' lang='lat' dir='ltr'><strong>legentes</strong></span> <span class='ocrx_word' id='word_1_360' title='bbox 1861 1484 1989 1512; x_wconf 79' lang='lat' dir='ltr'><strong>falleret.</strong></span> <span class='ocrx_word' id='word_1_361' title='bbox 2034 1481 2097 1511; x_wconf 90' lang='lat' dir='ltr'><strong>Sed</strong></span> 
     </span>
     <span class='ocr_line' id='line_1_28' title="bbox 249 1540 2098 1585; baseline -0.005 -7"><span class='ocrx_word' id='word_1_362' title='bbox 249 1549 333 1579; x_wconf 85' lang='lat' dir='ltr'><strong>mitto</strong></span> <span class='ocrx_word' id='word_1_363' title='bbox 356 1547 396 1577; x_wconf 91' lang='lat' dir='ltr'><strong>id.</strong></span> <span class='ocrx_word' id='word_1_364' title='bbox 441 1548 527 1577; x_wconf 89' lang='lat' dir='ltr'><strong>Certe</strong></span> <span class='ocrx_word' id='word_1_365' title='bbox 547 1552 708 1585; x_wconf 90' lang='lat' dir='ltr'><strong>utrumque</strong></span> <span class='ocrx_word' id='word_1_366' title='bbox 729 1547 802 1577; x_wconf 86' lang='lat' dir='ltr'><strong>satis</strong></span> <span class='ocrx_word' id='word_1_367' title='bbox 820 1556 876 1585; x_wconf 90' lang='lat' dir='ltr'><strong>per</strong></span> <span class='ocrx_word' id='word_1_368' title='bbox 897 1555 931 1577; x_wconf 91' lang='lat' dir='ltr'><strong>se</strong></span> <span class='ocrx_word' id='word_1_369' title='bbox 955 1556 1110 1585; x_wconf 88' lang='lat' dir='ltr'><strong>magnum:</strong></span> <span class='ocrx_word' id='word_1_370' title='bbox 1140 1549 1196 1578; x_wconf 90' lang='lat' dir='ltr'><strong>sed</strong></span> <span class='ocrx_word' id='word_1_371' title='bbox 1216 1549 1287 1578; x_wconf 89' lang='lat' dir='ltr'><strong>illud</strong></span> <span class='ocrx_word' id='word_1_372' title='bbox 1308 1549 1417 1584; x_wconf 83' lang='lat' dir='ltr'><strong>maius,</strong></span> <span class='ocrx_word' id='word_1_373' title='bbox 1440 1547 1523 1585; x_wconf 90' lang='lat' dir='ltr'><strong>quod</strong></span> <span class='ocrx_word' id='word_1_374' title='bbox 1544 1546 1574 1575; x_wconf 88' lang='lat' dir='ltr'><strong>in</strong></span> <span class='ocrx_word' id='word_1_375' title='bbox 1595 1545 1723 1575; x_wconf 88' lang='lat' dir='ltr'><strong>eosdem</strong></span> <span class='ocrx_word' id='word_1_376' title='bbox 1747 1542 1829 1572; x_wconf 90' lang='lat' dir='ltr'><strong>cadit</strong></span> <span class='ocrx_word' id='word_1_377' title='bbox 1849 1541 1961 1577; x_wconf 89' lang='lat' dir='ltr'><strong>libros,</strong></span> <span class='ocrx_word' id='word_1_378' title='bbox 1981 1540 2098 1570; x_wconf 89' lang='lat' dir='ltr'><strong>duode-</strong></span> 
     </span>
     <span class='ocr_line' id='line_1_29' title="bbox 251 1597 2096 1643; baseline -0.005 -6"><span class='ocrx_word' id='word_1_379' title='bbox 251 1608 360 1637; x_wconf 91' lang='lat' dir='ltr'><strong>cimum</strong></span> <span class='ocrx_word' id='word_1_380' title='bbox 382 1614 450 1635; x_wconf 90' lang='lat' dir='ltr'><strong>cum</strong></span> <span class='ocrx_word' id='word_1_381' title='bbox 470 1605 620 1635; x_wconf 88' lang='lat' dir='ltr'><strong>nonnullis</strong></span> <span class='ocrx_word' id='word_1_382' title='bbox 644 1605 834 1642; x_wconf 88' lang='lat' dir='ltr'><strong>sequentium</strong></span> <span class='ocrx_word' id='word_1_383' title='bbox 858 1613 957 1641; x_wconf 91' lang='lat' dir='ltr'><strong>usque</strong></span> <span class='ocrx_word' id='word_1_384' title='bbox 978 1606 1016 1635; x_wconf 87' lang='lat' dir='ltr'><strong>ad</strong></span> <span class='ocrx_word' id='word_1_385' title='bbox 1042 1607 1202 1643; x_wconf 85' lang='lat' dir='ltr'><strong>septimum</strong></span> <span class='ocrx_word' id='word_1_386' title='bbox 1231 1606 1379 1636; x_wconf 90' lang='lat' dir='ltr'><strong>decimum</strong></span> <span class='ocrx_word' id='word_1_387' title='bbox 1408 1607 1485 1639; x_wconf 83' lang='lat' dir='ltr'><strong>sere,</strong></span> <span class='ocrx_word' id='word_1_388' title='bbox 1519 1611 1703 1641; x_wconf 87' lang='lat' dir='ltr'><strong>quamquam</strong></span> <span class='ocrx_word' id='word_1_389' title='bbox 1731 1600 1838 1638; x_wconf 88' lang='lat' dir='ltr'><strong>paucis</strong></span> <span class='ocrx_word' id='word_1_390' title='bbox 1875 1599 1948 1629; x_wconf 88' lang='lat' dir='ltr'><strong>talia</strong></span> <span class='ocrx_word' id='word_1_391' title='bbox 1973 1597 2096 1628; x_wconf 82' lang='lat' dir='ltr'><strong>definiri</strong></span> 
     </span>
     <span class='ocr_line' id='line_1_30' title="bbox 250 1655 2098 1701; baseline -0.005 -6"><span class='ocrx_word' id='word_1_392' title='bbox 250 1674 312 1695; x_wconf 90' lang='lat' dir='ltr'><strong>non</strong></span> <span class='ocrx_word' id='word_1_393' title='bbox 334 1667 472 1701; x_wconf 91' lang='lat' dir='ltr'><strong>possunt.</strong></span> <span class='ocrx_word' id='word_1_394' title='bbox 517 1662 668 1699; x_wconf 85' lang='lat' dir='ltr'><strong>Septimus</strong></span> <span class='ocrx_word' id='word_1_395' title='bbox 689 1662 767 1692; x_wconf 88' lang='lat' dir='ltr'><strong>enim</strong></span> <span class='ocrx_word' id='word_1_396' title='bbox 791 1662 878 1698; x_wconf 78' lang='lat' dir='ltr'><strong>liber,</strong></span> <span class='ocrx_word' id='word_1_397' title='bbox 897 1671 958 1699; x_wconf 90' lang='lat' dir='ltr'><strong>quo</strong></span> <span class='ocrx_word' id='word_1_398' title='bbox 982 1663 1152 1693; x_wconf 87' lang='lat' dir='ltr'><strong>continetur</strong></span> <span class='ocrx_word' id='word_1_399' title='bbox 1172 1664 1309 1694; x_wconf 89' lang='lat' dir='ltr'><strong>Nestoris</strong></span> <span class='ocrx_word' id='word_1_400' title='bbox 1331 1663 1381 1692; x_wconf 88' lang='lat' dir='ltr'><strong>illa</strong></span> <span class='ocrx_word' id='word_1_401' title='bbox 1402 1663 1515 1698; x_wconf 87' lang='lat' dir='ltr'><strong>oratio,</strong></span> <span class='ocrx_word' id='word_1_402' title='bbox 1538 1661 1564 1691; x_wconf 89' lang='lat' dir='ltr'><strong>si</strong></span> <span class='ocrx_word' id='word_1_403' title='bbox 1586 1669 1675 1690; x_wconf 91' lang='lat' dir='ltr'><strong>usum</strong></span> <span class='ocrx_word' id='word_1_404' title='bbox 1696 1657 1843 1696; x_wconf 88' lang='lat' dir='ltr'><strong>loquendi</strong></span> <span class='ocrx_word' id='word_1_405' title='bbox 1865 1660 1999 1695; x_wconf 81' lang='lat' dir='ltr'><strong>spectes,</strong></span> <span class='ocrx_word' id='word_1_406' title='bbox 2019 1655 2098 1694; x_wconf 80' lang='lat' dir='ltr'><strong>pari-</strong></span> 
     </span>
     <span class='ocr_line' id='line_1_31' title="bbox 250 1713 2098 1758; baseline -0.005 -6"><span class='ocrx_word' id='word_1_407' title='bbox 250 1727 296 1752; x_wconf 90' lang='lat' dir='ltr'><strong>ter</strong></span> <span class='ocrx_word' id='word_1_408' title='bbox 319 1726 410 1758; x_wconf 88' lang='lat' dir='ltr'><strong>atque</strong></span> <span class='ocrx_word' id='word_1_409' title='bbox 431 1724 567 1756; x_wconf 88' lang='lat' dir='ltr'><strong>octavus,</strong></span> <span class='ocrx_word' id='word_1_410' title='bbox 588 1721 740 1757; x_wconf 90' lang='lat' dir='ltr'><strong>paululum</strong></span> <span class='ocrx_word' id='word_1_411' title='bbox 763 1719 891 1749; x_wconf 90' lang='lat' dir='ltr'><strong>discedit</strong></span> <span class='ocrx_word' id='word_1_412' title='bbox 911 1728 929 1748; x_wconf 92' lang='lat' dir='ltr'><strong>a</strong></span> <span class='ocrx_word' id='word_1_413' title='bbox 949 1720 1101 1757; x_wconf 89' lang='lat' dir='ltr'><strong>prioribus</strong></span> <span class='ocrx_word' id='word_1_414' title='bbox 1122 1726 1152 1751; x_wconf 88' lang='lat' dir='ltr'><strong>et</strong></span> <span class='ocrx_word' id='word_1_415' title='bbox 1171 1722 1403 1751; x_wconf 82' lang='lat' dir='ltr'><strong>accommodare</strong></span> <span class='ocrx_word' id='word_1_416' title='bbox 1426 1728 1497 1750; x_wconf 92' lang='lat' dir='ltr'><strong>sese</strong></span> <span class='ocrx_word' id='word_1_417' title='bbox 1519 1719 1639 1748; x_wconf 91' lang='lat' dir='ltr'><strong>videtur</strong></span> <span class='ocrx_word' id='word_1_418' title='bbox 1659 1718 1698 1747; x_wconf 88' lang='lat' dir='ltr'><strong>ad</strong></span> <span class='ocrx_word' id='word_1_419' title='bbox 1721 1716 1869 1746; x_wconf 81' lang='lat' dir='ltr'><strong>rationem</strong></span> <span class='ocrx_word' id='word_1_420' title='bbox 1892 1713 2098 1751; x_wconf 80' lang='lat' dir='ltr'><strong>sequentium.</strong></span> 
     </span>
     <span class='ocr_line' id='line_1_32' title="bbox 251 1771 2099 1814; baseline -0.006 -5"><span class='ocrx_word' id='word_1_421' title='bbox 251 1781 389 1809; x_wconf 91' lang='lat' dir='ltr'><strong>Ceterum</strong></span> <span class='ocrx_word' id='word_1_422' title='bbox 412 1778 450 1805; x_wconf 92' lang='lat' dir='ltr'><strong>de</strong></span> <span class='ocrx_word' id='word_1_423' title='bbox 473 1781 582 1805; x_wconf 91' lang='lat' dir='ltr'><strong>octavo</strong></span> <span class='ocrx_word' id='word_1_424' title='bbox 604 1776 808 1805; x_wconf 80' lang='lat' dir='ltr'><strong>difficillimum</strong></span> <span class='ocrx_word' id='word_1_425' title='bbox 826 1780 873 1805; x_wconf 85' lang='lat' dir='ltr'><strong>est</strong></span> <span class='ocrx_word' id='word_1_426' title='bbox 893 1777 966 1805; x_wconf 88' lang='lat' dir='ltr'><strong>certi</strong></span> <span class='ocrx_word' id='word_1_427' title='bbox 985 1778 1097 1814; x_wconf 91' lang='lat' dir='ltr'><strong>aliquid</strong></span> <span class='ocrx_word' id='word_1_428' title='bbox 1115 1779 1274 1807; x_wconf 80' lang='lat' dir='ltr'><strong>affirmare.</strong></span> <span class='ocrx_word' id='word_1_429' title='bbox 1316 1779 1391 1806; x_wconf 89' lang='lat' dir='ltr'><strong>Nam</strong></span> <span class='ocrx_word' id='word_1_430' title='bbox 1407 1785 1485 1813; x_wconf 88' lang='lat' dir='ltr'><strong>quae</strong></span> <span class='ocrx_word' id='word_1_431' title='bbox 1507 1777 1602 1813; x_wconf 90' lang='lat' dir='ltr'><strong>prima</strong></span> <span class='ocrx_word' id='word_1_432' title='bbox 1624 1780 1673 1804; x_wconf 86' lang='lat' dir='ltr'><strong>est</strong></span> <span class='ocrx_word' id='word_1_433' title='bbox 1686 1774 1769 1803; x_wconf 91' lang='lat' dir='ltr'><strong>Iovis</strong></span> <span class='ocrx_word' id='word_1_434' title='bbox 1792 1773 1899 1806; x_wconf 86' lang='lat' dir='ltr'><strong>oratio,</strong></span> <span class='ocrx_word' id='word_1_435' title='bbox 1921 1779 1984 1800; x_wconf 91' lang='lat' dir='ltr'><strong>non</strong></span> <span class='ocrx_word' id='word_1_436' title='bbox 1997 1771 2099 1799; x_wconf 90' lang='lat' dir='ltr'><strong>solum</strong></span> 
     </span>
     <span class='ocr_line' id='line_1_33' title="bbox 250 1828 2099 1875; baseline -0.005 -9"><span class='ocrx_word' id='word_1_437' title='bbox 250 1834 451 1875; x_wconf 87' lang='lat' dir='ltr'><strong>pulcherrima</strong></span> <span class='ocrx_word' id='word_1_438' title='bbox 472 1837 519 1863; x_wconf 88' lang='lat' dir='ltr'><strong>est</strong></span> <span class='ocrx_word' id='word_1_439' title='bbox 542 1833 596 1863; x_wconf 92' lang='lat' dir='ltr'><strong>sed</strong></span> <span class='ocrx_word' id='word_1_440' title='bbox 624 1831 713 1863; x_wconf 90' lang='lat' dir='ltr'><strong>etiam</strong></span> <span class='ocrx_word' id='word_1_441' title='bbox 731 1832 858 1863; x_wconf 86' lang='lat' dir='ltr'><strong>maxime</strong></span> <span class='ocrx_word' id='word_1_442' title='bbox 886 1834 1069 1865; x_wconf 84' lang='lat' dir='ltr'><strong>necessaria.</strong></span> <span class='ocrx_word' id='word_1_443' title='bbox 1112 1834 1173 1864; x_wconf 91' lang='lat' dir='ltr'><strong>Nisi</strong></span> <span class='ocrx_word' id='word_1_444' title='bbox 1195 1834 1272 1864; x_wconf 88' lang='lat' dir='ltr'><strong>enim</strong></span> <span class='ocrx_word' id='word_1_445' title='bbox 1294 1834 1406 1872; x_wconf 89' lang='lat' dir='ltr'><strong>Iupiter</strong></span> <span class='ocrx_word' id='word_1_446' title='bbox 1421 1836 1539 1864; x_wconf 88' lang='lat' dir='ltr'><strong>vetaret</strong></span> <span class='ocrx_word' id='word_1_447' title='bbox 1558 1833 1634 1862; x_wconf 90' lang='lat' dir='ltr'><strong>deos</strong></span> <span class='ocrx_word' id='word_1_448' title='bbox 1655 1831 1684 1861; x_wconf 93' lang='lat' dir='ltr'><strong>in</strong></span> <span class='ocrx_word' id='word_1_449' title='bbox 1711 1837 1844 1869; x_wconf 82' lang='lat' dir='ltr'><strong>pugnam</strong></span> <span class='ocrx_word' id='word_1_450' title='bbox 1862 1828 1923 1865; x_wconf 89' lang='lat' dir='ltr'><strong>ire,</strong></span> <span class='ocrx_word' id='word_1_451' title='bbox 1944 1836 2003 1858; x_wconf 90' lang='lat' dir='ltr'><strong>nec</strong></span> <span class='ocrx_word' id='word_1_452' title='bbox 2029 1835 2099 1866; x_wconf 87' lang='lat' dir='ltr'><strong>pro·</strong></span> 
     </span>
     <span class='ocr_line' id='line_1_34' title="bbox 251 1887 2098 1929; baseline -0.006 -4"><span class='ocrx_word' id='word_1_453' title='bbox 251 1895 352 1925; x_wconf 90' lang='lat' dir='ltr'><strong>missis</strong></span> <span class='ocrx_word' id='word_1_454' title='bbox 374 1896 467 1923; x_wconf 89' lang='lat' dir='ltr'><strong>staret</strong></span> <span class='ocrx_word' id='word_1_455' title='bbox 489 1891 654 1928; x_wconf 88' lang='lat' dir='ltr'><strong>(pollicitus</strong></span> <span class='ocrx_word' id='word_1_456' title='bbox 676 1891 755 1920; x_wconf 92' lang='lat' dir='ltr'><strong>enim</strong></span> <span class='ocrx_word' id='word_1_457' title='bbox 774 1895 821 1920; x_wconf 91' lang='lat' dir='ltr'><strong>est</strong></span> <span class='ocrx_word' id='word_1_458' title='bbox 844 1893 1028 1922; x_wconf 89' lang='lat' dir='ltr'><strong>Graecorum</strong></span> <span class='ocrx_word' id='word_1_459' title='bbox 1048 1894 1186 1929; x_wconf 89' lang='lat' dir='ltr'><strong>cladem),</strong></span> <span class='ocrx_word' id='word_1_460' title='bbox 1209 1901 1265 1921; x_wconf 84' lang='lat' dir='ltr'><strong>nec</strong></span> <span class='ocrx_word' id='word_1_461' title='bbox 1287 1893 1524 1928; x_wconf 87' lang='lat' dir='ltr'><strong>intelligerentur</strong></span> <span class='ocrx_word' id='word_1_462' title='bbox 1545 1899 1625 1927; x_wconf 86' lang='lat' dir='ltr'><strong>quae</strong></span> <span class='ocrx_word' id='word_1_463' title='bbox 1645 1893 1826 1926; x_wconf 83' lang='lat' dir='ltr'><strong>sequuntur.</strong></span> <span class='ocrx_word' id='word_1_464' title='bbox 1871 1887 2001 1923; x_wconf 87' lang='lat' dir='ltr'><strong>Reliqua</strong></span> <span class='ocrx_word' id='word_1_465' title='bbox 2021 1894 2098 1915; x_wconf 90' lang='lat' dir='ltr'><strong>vero</strong></span> 
     </span>
     <span class='ocr_line' id='line_1_35' title="bbox 253 1943 2100 1990; baseline -0.005 -8"><span class='ocrx_word' id='word_1_466' title='bbox 253 1961 324 1990; x_wconf 88' lang='lat' dir='ltr'><strong>pars</strong></span> <span class='ocrx_word' id='word_1_467' title='bbox 344 1951 409 1981; x_wconf 89' lang='lat' dir='ltr'><strong>eius</strong></span> <span class='ocrx_word' id='word_1_468' title='bbox 431 1948 497 1979; x_wconf 90' lang='lat' dir='ltr'><strong>libri</strong></span> <span class='ocrx_word' id='word_1_469' title='bbox 519 1948 608 1978; x_wconf 87' lang='lat' dir='ltr'><strong>habet</strong></span> <span class='ocrx_word' id='word_1_470' title='bbox 629 1949 792 1985; x_wconf 84' lang='lat' dir='ltr'><strong>quaedam,</strong></span> <span class='ocrx_word' id='word_1_471' title='bbox 816 1957 894 1986; x_wconf 88' lang='lat' dir='ltr'><strong>quae</strong></span> <span class='ocrx_word' id='word_1_472' title='bbox 915 1949 1016 1979; x_wconf 89' lang='lat' dir='ltr'><strong>multis</strong></span> <span class='ocrx_word' id='word_1_473' title='bbox 1038 1949 1129 1979; x_wconf 87' lang='lat' dir='ltr'><strong>dubia</strong></span> <span class='ocrx_word' id='word_1_474' title='bbox 1150 1949 1215 1980; x_wconf 89' lang='lat' dir='ltr'><strong>visa</strong></span> <span class='ocrx_word' id='word_1_475' title='bbox 1233 1953 1313 1980; x_wconf 88' lang='lat' dir='ltr'><strong>sunt.</strong></span> <span class='ocrx_word' id='word_1_476' title='bbox 1358 1949 1419 1978; x_wconf 91' lang='lat' dir='ltr'><strong>Sed</strong></span> <span class='ocrx_word' id='word_1_477' title='bbox 1440 1949 1479 1978; x_wconf 92' lang='lat' dir='ltr'><strong>de</strong></span> <span class='ocrx_word' id='word_1_478' title='bbox 1501 1947 1547 1977; x_wconf 88' lang='lat' dir='ltr'><strong>his</strong></span> <span class='ocrx_word' id='word_1_479' title='bbox 1565 1954 1722 1985; x_wconf 88' lang='lat' dir='ltr'><strong>exponere</strong></span> <span class='ocrx_word' id='word_1_480' title='bbox 1737 1946 1872 1982; x_wconf 86' lang='lat' dir='ltr'><strong>longum.</strong></span> <span class='ocrx_word' id='word_1_481' title='bbox 1917 1943 1995 1974; x_wconf 86' lang='lat' dir='ltr'><strong>Muri</strong></span> <span class='ocrx_word' id='word_1_482' title='bbox 2017 1951 2100 1973; x_wconf 91' lang='lat' dir='ltr'><strong>com-</strong></span> 
     </span>
     <span class='ocr_line' id='line_1_36' title="bbox 252 2002 2099 2045; baseline -0.006 -5"><span class='ocrx_word' id='word_1_483' title='bbox 252 2008 428 2040; x_wconf 87' lang='lat' dir='ltr'><strong>memoratio</strong></span> <span class='ocrx_word' id='word_1_484' title='bbox 456 2008 536 2036; x_wconf 92' lang='lat' dir='ltr'><strong>inest</strong></span> <span class='ocrx_word' id='word_1_485' title='bbox 556 2007 685 2043; x_wconf 87' lang='lat' dir='ltr'><strong>quidem,</strong></span> <span class='ocrx_word' id='word_1_486' title='bbox 714 2007 770 2036; x_wconf 92' lang='lat' dir='ltr'><strong>sed</strong></span> <span class='ocrx_word' id='word_1_487' title='bbox 794 2006 836 2036; x_wconf 86' lang='lat' dir='ltr'><strong>ita</strong></span> <span class='ocrx_word' id='word_1_488' title='bbox 860 2011 894 2036; x_wconf 92' lang='lat' dir='ltr'><strong>ut</strong></span> <span class='ocrx_word' id='word_1_489' title='bbox 919 2016 980 2037; x_wconf 90' lang='lat' dir='ltr'><strong>non</strong></span> <span class='ocrx_word' id='word_1_490' title='bbox 1008 2016 1129 2045; x_wconf 85' lang='lat' dir='ltr'><strong>semper</strong></span> <span class='ocrx_word' id='word_1_491' title='bbox 1156 2008 1251 2038; x_wconf 77' lang='lat' dir='ltr'><strong>fulsse</strong></span> <span class='ocrx_word' id='word_1_492' title='bbox 1277 2008 1333 2037; x_wconf 90' lang='lat' dir='ltr'><strong>sed</strong></span> <span class='ocrx_word' id='word_1_493' title='bbox 1361 2016 1421 2036; x_wconf 89' lang='lat' dir='ltr'><strong>non</strong></span> <span class='ocrx_word' id='word_1_494' title='bbox 1446 2010 1529 2035; x_wconf 88' lang='lat' dir='ltr'><strong>recte</strong></span> <span class='ocrx_word' id='word_1_495' title='bbox 1556 2006 1594 2034; x_wconf 91' lang='lat' dir='ltr'><strong>ab</strong></span> <span class='ocrx_word' id='word_1_496' title='bbox 1623 2004 1725 2041; x_wconf 88' lang='lat' dir='ltr'><strong>aliquo</strong></span> <span class='ocrx_word' id='word_1_497' title='bbox 1749 2003 1832 2032; x_wconf 84' lang='lat' dir='ltr'><strong>illata</strong></span> <span class='ocrx_word' id='word_1_498' title='bbox 1852 2010 1924 2031; x_wconf 88' lang='lat' dir='ltr'><strong>esse</strong></span> <span class='ocrx_word' id='word_1_499' title='bbox 1946 2002 2099 2030; x_wconf 84' lang='lat' dir='ltr'><strong>videatur.</strong></span> 
     </span>
     <span class='ocr_line' id='line_1_37' title="bbox 251 2058 2100 2104; baseline -0.005 -7"><span class='ocrx_word' id='word_1_500' title='bbox 251 2068 327 2097; x_wconf 88' lang='lat' dir='ltr'><strong>Hinc</strong></span> <span class='ocrx_word' id='word_1_501' title='bbox 354 2069 437 2104; x_wconf 87' lang='lat' dir='ltr'><strong>patet</strong></span> <span class='ocrx_word' id='word_1_502' title='bbox 461 2065 489 2094; x_wconf 90' lang='lat' dir='ltr'><strong>in</strong></span> <span class='ocrx_word' id='word_1_503' title='bbox 519 2064 647 2102; x_wconf 88' lang='lat' dir='ltr'><strong>septimo</strong></span> <span class='ocrx_word' id='word_1_504' title='bbox 674 2069 764 2101; x_wconf 88' lang='lat' dir='ltr'><strong>atque</strong></span> <span class='ocrx_word' id='word_1_505' title='bbox 794 2068 902 2094; x_wconf 80' lang='lat' dir='ltr'><strong>octavo</strong></span> <span class='ocrx_word' id='word_1_506' title='bbox 928 2064 1004 2094; x_wconf 89' lang='lat' dir='ltr'><strong>libro</strong></span> <span class='ocrx_word' id='word_1_507' title='bbox 1027 2065 1181 2095; x_wconf 83' lang='lat' dir='ltr'><strong>immutata</strong></span> <span class='ocrx_word' id='word_1_508' title='bbox 1200 2074 1271 2095; x_wconf 91' lang='lat' dir='ltr'><strong>esse</strong></span> <span class='ocrx_word' id='word_1_509' title='bbox 1292 2065 1452 2100; x_wconf 86' lang='lat' dir='ltr'><strong>nonnulla,</strong></span> <span class='ocrx_word' id='word_1_510' title='bbox 1474 2064 1532 2093; x_wconf 77' lang='lat' dir='ltr'><strong>alIa</strong></span> <span class='ocrx_word' id='word_1_511' title='bbox 1552 2063 1632 2092; x_wconf 85' lang='lat' dir='ltr'><strong>sieut</strong></span> <span class='ocrx_word' id='word_1_512' title='bbox 1655 2060 1821 2098; x_wconf 82' lang='lat' dir='ltr'><strong>antiquitus</strong></span> <span class='ocrx_word' id='word_1_513' title='bbox 1851 2058 1964 2089; x_wconf 77' lang='lat' dir='ltr'><strong>fuerint</strong></span> <span class='ocrx_word' id='word_1_514' title='bbox 1982 2058 2100 2088; x_wconf 86' lang='lat' dir='ltr'><strong>relicta.</strong></span> 
     </span>
     <span class='ocr_line' id='line_1_38' title="bbox 251 2117 2100 2162; baseline -0.006 -6"><span class='ocrx_word' id='word_1_515' title='bbox 251 2125 394 2157; x_wconf 87' lang='lat' dir='ltr'><strong>Nimirum</strong></span> <span class='ocrx_word' id='word_1_516' title='bbox 417 2123 577 2160; x_wconf 87' lang='lat' dir='ltr'><strong>oportebat</strong></span> <span class='ocrx_word' id='word_1_517' title='bbox 599 2122 675 2151; x_wconf 85' lang='lat' dir='ltr'><strong>haec</strong></span> <span class='ocrx_word' id='word_1_518' title='bbox 699 2121 922 2152; x_wconf 88' lang='lat' dir='ltr'><strong>accommodari</strong></span> <span class='ocrx_word' id='word_1_519' title='bbox 949 2123 988 2152; x_wconf 89' lang='lat' dir='ltr'><strong>ad</strong></span> <span class='ocrx_word' id='word_1_520' title='bbox 1015 2131 1064 2160; x_wconf 90' lang='lat' dir='ltr'><strong>ea,</strong></span> <span class='ocrx_word' id='word_1_521' title='bbox 1090 2132 1166 2162; x_wconf 84' lang='lat' dir='ltr'><strong>quae</strong></span> <span class='ocrx_word' id='word_1_522' title='bbox 1194 2127 1371 2161; x_wconf 88' lang='lat' dir='ltr'><strong>sequuntur.</strong></span> <span class='ocrx_word' id='word_1_523' title='bbox 1415 2122 1438 2152; x_wconf 93' lang='lat' dir='ltr'><strong>li</strong></span> <span class='ocrx_word' id='word_1_524' title='bbox 1461 2130 1554 2161; x_wconf 89' lang='lat' dir='ltr'><strong>porro</strong></span> <span class='ocrx_word' id='word_1_525' title='bbox 1577 2119 1657 2156; x_wconf 88' lang='lat' dir='ltr'><strong>libri,</strong></span> <span class='ocrx_word' id='word_1_526' title='bbox 1685 2117 1795 2157; x_wconf 91' lang='lat' dir='ltr'><strong>quibus</strong></span> <span class='ocrx_word' id='word_1_527' title='bbox 1818 2117 1968 2147; x_wconf 86' lang='lat' dir='ltr'><strong>Achillem</strong></span> <span class='ocrx_word' id='word_1_528' title='bbox 1990 2124 2100 2146; x_wconf 87' lang='lat' dir='ltr'><strong>mrsus</strong></span> 
     </span>
     <span class='ocr_line' id='line_1_39' title="bbox 253 2175 2098 2223; baseline -0.005 -8"><span class='ocrx_word' id='word_1_529' title='bbox 253 2187 436 2223; x_wconf 81' lang='lat' dir='ltr'><strong>pugnantem</strong></span> <span class='ocrx_word' id='word_1_530' title='bbox 464 2181 581 2211; x_wconf 88' lang='lat' dir='ltr'><strong>induxit</strong></span> <span class='ocrx_word' id='word_1_531' title='bbox 608 2184 713 2219; x_wconf 89' lang='lat' dir='ltr'><strong>poeta,</strong></span> <span class='ocrx_word' id='word_1_532' title='bbox 746 2180 906 2211; x_wconf 87' lang='lat' dir='ltr'><strong>vicesimus</strong></span> <span class='ocrx_word' id='word_1_533' title='bbox 928 2189 996 2211; x_wconf 91' lang='lat' dir='ltr'><strong>cum</strong></span> <span class='ocrx_word' id='word_1_534' title='bbox 1018 2182 1138 2213; x_wconf 91' lang='lat' dir='ltr'><strong>duobus</strong></span> <span class='ocrx_word' id='word_1_535' title='bbox 1163 2182 1376 2220; x_wconf 89' lang='lat' dir='ltr'><strong>sequentibus,</strong></span> <span class='ocrx_word' id='word_1_536' title='bbox 1403 2181 1530 2219; x_wconf 89' lang='lat' dir='ltr'><strong>propius</strong></span> <span class='ocrx_word' id='word_1_537' title='bbox 1555 2179 1707 2209; x_wconf 87' lang='lat' dir='ltr'><strong>accedunt</strong></span> <span class='ocrx_word' id='word_1_538' title='bbox 1727 2178 1766 2207; x_wconf 86' lang='lat' dir='ltr'><strong>ad</strong></span> <span class='ocrx_word' id='word_1_539' title='bbox 1789 2176 1940 2207; x_wconf 88' lang='lat' dir='ltr'><strong>rationem</strong></span> <span class='ocrx_word' id='word_1_540' title='bbox 1962 2175 2098 2214; x_wconf 88' lang='lat' dir='ltr'><strong>priorum</strong></span> 
     </span>
     <span class='ocr_line' id='line_1_40' title="bbox 252 2234 2099 2277; baseline -0.006 -4"><span class='ocrx_word' id='word_1_541' title='bbox 252 2243 411 2277; x_wconf 86' lang='lat' dir='ltr'><strong>librorum,</strong></span> <span class='ocrx_word' id='word_1_542' title='bbox 433 2239 498 2270; x_wconf 91' lang='lat' dir='ltr'><strong>sive</strong></span> <span class='ocrx_word' id='word_1_543' title='bbox 519 2248 609 2269; x_wconf 90' lang='lat' dir='ltr'><strong>usum</strong></span> <span class='ocrx_word' id='word_1_544' title='bbox 636 2239 781 2275; x_wconf 92' lang='lat' dir='ltr'><strong>loquendi</strong></span> <span class='ocrx_word' id='word_1_545' title='bbox 802 2243 923 2276; x_wconf 89' lang='lat' dir='ltr'><strong>spectes</strong></span> <span class='ocrx_word' id='word_1_546' title='bbox 945 2239 1012 2269; x_wconf 89' lang='lat' dir='ltr'><strong>sive</strong></span> <span class='ocrx_word' id='word_1_547' title='bbox 1039 2249 1099 2270; x_wconf 90' lang='lat' dir='ltr'><strong>res.</strong></span> <span class='ocrx_word' id='word_1_548' title='bbox 1144 2240 1274 2269; x_wconf 83' lang='lat' dir='ltr'><strong>Iudicavi</strong></span> <span class='ocrx_word' id='word_1_549' title='bbox 1297 2239 1385 2276; x_wconf 90' lang='lat' dir='ltr'><strong>quasi</strong></span> <span class='ocrx_word' id='word_1_550' title='bbox 1407 2237 1600 2276; x_wconf 32' lang='lat' dir='ltr'><strong>fines‚,intra</strong></span> <span class='ocrx_word' id='word_1_551' title='bbox 1622 2245 1702 2274; x_wconf 91' lang='lat' dir='ltr'><strong>quos</strong></span> <span class='ocrx_word' id='word_1_552' title='bbox 1724 2244 1761 2265; x_wconf 92' lang='lat' dir='ltr'><strong>ea</strong></span> <span class='ocrx_word' id='word_1_553' title='bbox 1782 2234 1994 2270; x_wconf 81' lang='lat' dir='ltr'><strong>continentur,</strong></span> <span class='ocrx_word' id='word_1_554' title='bbox 2020 2241 2099 2270; x_wconf 86' lang='lat' dir='ltr'><strong>quae</strong></span> 
     </span>
     <span class='ocr_line' id='line_1_41' title="bbox 253 2282 2097 2336; baseline -0.007 -6"><span class='ocrx_word' id='word_1_555' title='bbox 253 2304 284 2330; x_wconf 93' lang='lat' dir='ltr'><strong>et</strong></span> <span class='ocrx_word' id='word_1_556' title='bbox 305 2300 483 2336; x_wconf 85' lang='lat' dir='ltr'><strong>argumento</strong></span> <span class='ocrx_word' id='word_1_557' title='bbox 513 2300 543 2325; x_wconf 92' lang='lat' dir='ltr'><strong>et</strong></span> <span class='ocrx_word' id='word_1_558' title='bbox 569 2295 690 2324; x_wconf 88' lang='lat' dir='ltr'><strong>dicendi</strong></span> <span class='ocrx_word' id='word_1_559' title='bbox 714 2295 831 2325; x_wconf 87' lang='lat' dir='ltr'><strong>ratione</strong></span> <span class='ocrx_word' id='word_1_560' title='bbox 857 2296 979 2325; x_wconf 82' lang='lat' dir='ltr'><strong>differre</strong></span> <span class='ocrx_word' id='word_1_561' title='bbox 1001 2297 1072 2326; x_wconf 78' lang='lat' dir='ltr'><strong>dlxi.</strong></span> <span class='ocrx_word' id='word_1_562' title='bbox 1117 2297 1179 2326; x_wconf 89' lang='lat' dir='ltr'><strong>Sed</strong></span> <span class='ocrx_word' id='word_1_563' title='bbox 1200 2298 1237 2326; x_wconf 91' lang='lat' dir='ltr'><strong>ab</strong></span> <span class='ocrx_word' id='word_1_564' title='bbox 1260 2282 1387 2333; x_wconf 81' lang='lat' dir='ltr'><strong>utraque</strong></span> <span class='ocrx_word' id='word_1_565' title='bbox 1411 2299 1496 2333; x_wconf 84' lang='lat' dir='ltr'><strong>parte</strong></span> <span class='ocrx_word' id='word_1_566' title='bbox 1517 2295 1547 2323; x_wconf 90' lang='lat' dir='ltr'><strong>in</strong></span> <span class='ocrx_word' id='word_1_567' title='bbox 1570 2293 1721 2328; x_wconf 79' lang='lat' dir='ltr'><strong>confinio,</strong></span> <span class='ocrx_word' id='word_1_568' title='bbox 1740 2295 1775 2322; x_wconf 89' lang='lat' dir='ltr'><strong>ut</strong></span> <span class='ocrx_word' id='word_1_569' title='bbox 1796 2292 1839 2321; x_wconf 85' lang='lat' dir='ltr'><strong>ita</strong></span> <span class='ocrx_word' id='word_1_570' title='bbox 1860 2292 1975 2325; x_wconf 88' lang='lat' dir='ltr'><strong>dicam,</strong></span> <span class='ocrx_word' id='word_1_571' title='bbox 1997 2289 2097 2328; x_wconf 77' lang='lat' dir='ltr'><strong>posita</strong></span> 
     </span>
     <span class='ocr_line' id='line_1_42' title="bbox 253 2347 2096 2394; baseline -0.006 -6"><span class='ocrx_word' id='word_1_572' title='bbox 253 2362 338 2393; x_wconf 92' lang='lat' dir='ltr'><strong>sunt,</strong></span> <span class='ocrx_word' id='word_1_573' title='bbox 362 2364 489 2394; x_wconf 88' lang='lat' dir='ltr'><strong>quorum</strong></span> <span class='ocrx_word' id='word_1_574' title='bbox 512 2353 672 2391; x_wconf 84' lang='lat' dir='ltr'><strong>singularis</strong></span> <span class='ocrx_word' id='word_1_575' title='bbox 694 2357 742 2383; x_wconf 91' lang='lat' dir='ltr'><strong>est</strong></span> <span class='ocrx_word' id='word_1_576' title='bbox 761 2353 853 2383; x_wconf 86' lang='lat' dir='ltr'><strong>ratio:</strong></span> <span class='ocrx_word' id='word_1_577' title='bbox 883 2355 920 2383; x_wconf 90' lang='lat' dir='ltr'><strong>ab</strong></span> <span class='ocrx_word' id='word_1_578' title='bbox 942 2355 1036 2384; x_wconf 87' lang='lat' dir='ltr'><strong>altera</strong></span> <span class='ocrx_word' id='word_1_579' title='bbox 1058 2359 1175 2386; x_wconf 90' lang='lat' dir='ltr'><strong>scutum</strong></span> <span class='ocrx_word' id='word_1_580' title='bbox 1195 2355 1330 2390; x_wconf 86' lang='lat' dir='ltr'><strong>Achillis,</strong></span> <span class='ocrx_word' id='word_1_581' title='bbox 1353 2355 1390 2384; x_wconf 89' lang='lat' dir='ltr'><strong>ab</strong></span> <span class='ocrx_word' id='word_1_582' title='bbox 1413 2356 1508 2384; x_wconf 86' lang='lat' dir='ltr'><strong>altera</strong></span> <span class='ocrx_word' id='word_1_583' title='bbox 1528 2352 1659 2383; x_wconf 88' lang='lat' dir='ltr'><strong>Dolonia</strong></span> <span class='ocrx_word' id='word_1_584' title='bbox 1676 2360 1745 2382; x_wconf 86' lang='lat' dir='ltr'><strong>cum</strong></span> <span class='ocrx_word' id='word_1_585' title='bbox 1766 2350 1920 2388; x_wconf 86' lang='lat' dir='ltr'><strong>legatione</strong></span> <span class='ocrx_word' id='word_1_586' title='bbox 1939 2350 1979 2380; x_wconf 84' lang='lat' dir='ltr'><strong>ad</strong></span> <span class='ocrx_word' id='word_1_587' title='bbox 1998 2347 2096 2378; x_wconf 82' lang='lat' dir='ltr'><strong>Achil-</strong></span> 
     </span>
     <span class='ocr_line' id='line_1_43' title="bbox 253 2406 2093 2449; baseline -0.005 -4"><span class='ocrx_word' id='word_1_588' title='bbox 253 2417 312 2445; x_wconf 93' lang='lat' dir='ltr'><strong>lem</strong></span> <span class='ocrx_word' id='word_1_589' title='bbox 335 2414 437 2444; x_wconf 89' lang='lat' dir='ltr'><strong>missa.</strong></span> <span class='ocrx_word' id='word_1_590' title='bbox 480 2411 638 2443; x_wconf 88' lang='lat' dir='ltr'><strong>Doloniam</strong></span> <span class='ocrx_word' id='word_1_591' title='bbox 660 2410 717 2440; x_wconf 91' lang='lat' dir='ltr'><strong>iam</strong></span> <span class='ocrx_word' id='word_1_592' title='bbox 736 2410 797 2440; x_wconf 89' lang='lat' dir='ltr'><strong>dixi</strong></span> <span class='ocrx_word' id='word_1_593' title='bbox 818 2419 836 2440; x_wconf 90' lang='lat' dir='ltr'><strong>a</strong></span> <span class='ocrx_word' id='word_1_594' title='bbox 856 2411 1012 2442; x_wconf 79' lang='lat' dir='ltr'><strong>PiSistrato</strong></span> <span class='ocrx_word' id='word_1_595' title='bbox 1035 2413 1094 2443; x_wconf 89' lang='lat' dir='ltr'><strong>huc</strong></span> <span class='ocrx_word' id='word_1_596' title='bbox 1115 2413 1226 2443; x_wconf 84' lang='lat' dir='ltr'><strong>illatam</strong></span> <span class='ocrx_word' id='word_1_597' title='bbox 1245 2421 1325 2443; x_wconf 88' lang='lat' dir='ltr'><strong>esse.</strong></span> <span class='ocrx_word' id='word_1_598' title='bbox 1369 2413 1434 2442; x_wconf 92' lang='lat' dir='ltr'><strong>Non</strong></span> <span class='ocrx_word' id='word_1_599' title='bbox 1456 2420 1535 2449; x_wconf 85' lang='lat' dir='ltr'><strong>nego</strong></span> <span class='ocrx_word' id='word_1_600' title='bbox 1556 2409 1714 2449; x_wconf 90' lang='lat' dir='ltr'><strong>aptissime</strong></span> <span class='ocrx_word' id='word_1_601' title='bbox 1733 2409 1799 2440; x_wconf 89' lang='lat' dir='ltr'><strong>eius</strong></span> <span class='ocrx_word' id='word_1_602' title='bbox 1820 2410 1922 2439; x_wconf 90' lang='lat' dir='ltr'><strong>locum</strong></span> <span class='ocrx_word' id='word_1_603' title='bbox 1943 2406 2093 2437; x_wconf 83' lang='lat' dir='ltr'><strong>inventum</strong></span> 
     </span>
     <span class='ocr_line' id='line_1_44' title="bbox 253 2464 2091 2508; baseline -0.004 -5"><span class='ocrx_word' id='word_1_604' title='bbox 253 2482 324 2503; x_wconf 91' lang='lat' dir='ltr'><strong>esse</strong></span> <span class='ocrx_word' id='word_1_605' title='bbox 346 2481 364 2501; x_wconf 89' lang='lat' dir='ltr'><strong>a</strong></span> <span class='ocrx_word' id='word_1_606' title='bbox 384 2471 556 2506; x_wconf 89' lang='lat' dir='ltr'><strong>Pisistrato,</strong></span> <span class='ocrx_word' id='word_1_607' title='bbox 589 2469 614 2498; x_wconf 90' lang='lat' dir='ltr'><strong>si</strong></span> <span class='ocrx_word' id='word_1_608' title='bbox 636 2469 813 2498; x_wconf 84' lang='lat' dir='ltr'><strong>collocanda</strong></span> <span class='ocrx_word' id='word_1_609' title='bbox 834 2474 907 2498; x_wconf 89' lang='lat' dir='ltr'><strong>erat.</strong></span> <span class='ocrx_word' id='word_1_610' title='bbox 951 2470 1038 2499; x_wconf 87' lang='lat' dir='ltr'><strong>Certe</strong></span> <span class='ocrx_word' id='word_1_611' title='bbox 1067 2480 1126 2500; x_wconf 91' lang='lat' dir='ltr'><strong>non</strong></span> <span class='ocrx_word' id='word_1_612' title='bbox 1151 2475 1198 2500; x_wconf 90' lang='lat' dir='ltr'><strong>est</strong></span> <span class='ocrx_word' id='word_1_613' title='bbox 1223 2471 1411 2501; x_wconf 87' lang='lat' dir='ltr'><strong>necessaria:</strong></span> <span class='ocrx_word' id='word_1_614' title='bbox 1439 2479 1530 2508; x_wconf 89' lang='lat' dir='ltr'><strong>quam</strong></span> <span class='ocrx_word' id='word_1_615' title='bbox 1556 2471 1669 2498; x_wconf 88' lang='lat' dir='ltr'><strong>deesse</strong></span> <span class='ocrx_word' id='word_1_616' title='bbox 1691 2477 1780 2498; x_wconf 92' lang='lat' dir='ltr'><strong>nemo</strong></span> <span class='ocrx_word' id='word_1_617' title='bbox 1809 2467 1946 2500; x_wconf 87' lang='lat' dir='ltr'><strong>sentiret,</strong></span> <span class='ocrx_word' id='word_1_618' title='bbox 1980 2464 2004 2492; x_wconf 85' lang='lat' dir='ltr'><strong>si</strong></span> <span class='ocrx_word' id='word_1_619' title='bbox 2032 2469 2091 2490; x_wconf 70' lang='lat'>&#39;¹0¹¹</span> 
     </span>
    </p>
   </div>
   <div class='ocr_carea' id='block_1_5' title="bbox 255 2603 2092 2690">
    <p class='ocr_par' dir='ltr' id='par_1_6' title="bbox 255 2603 2092 2690">
     <span class='ocr_line' id='line_1_45' title="bbox 418 2603 2092 2644; baseline -0.003 -8"><span class='ocrx_word' id='word_1_620' title='bbox 418 2613 443 2644; x_wconf 69' lang='lat'><strong>⁸)</strong></span> <span class='ocrx_word' id='word_1_621' title='bbox 463 2614 489 2636; x_wconf 86' lang='lat' dir='ltr'><strong>lu</strong></span> <span class='ocrx_word' id='word_1_622' title='bbox 508 2612 572 2636; x_wconf 87' lang='lat' dir='ltr'><strong>libro</strong></span> <span class='ocrx_word' id='word_1_623' title='bbox 588 2613 631 2642; x_wconf 91' lang='lat' dir='ltr'><strong>qui</strong></span> <span class='ocrx_word' id='word_1_624' title='bbox 649 2611 802 2635; x_wconf 83' lang='lat' dir='ltr'><strong>inscribitur:</strong></span> <span class='ocrx_word' id='word_1_625' title='bbox 829 2610 875 2634; x_wconf 81' lang='lat' dir='ltr'><strong>Die</strong></span> <span class='ocrx_word' id='word_1_626' title='bbox 894 2611 1033 2635; x_wconf 66' lang='lat' dir='ltr'><strong>allmfiliche</strong></span> <span class='ocrx_word' id='word_1_627' title='bbox 1054 2612 1203 2644; x_wconf 79' lang='lat' dir='ltr'><strong>entslehung</strong></span> <span class='ocrx_word' id='word_1_628' title='bbox 1220 2612 1264 2635; x_wconf 89' lang='lat' dir='ltr'><strong>der</strong></span> <span class='ocrx_word' id='word_1_629' title='bbox 1289 2614 1400 2644; x_wconf 71' lang='lat' dir='ltr'><strong>gesfinge</strong></span> <span class='ocrx_word' id='word_1_630' title='bbox 1419 2612 1463 2635; x_wconf 81' lang='lat' dir='ltr'><strong>des</strong></span> <span class='ocrx_word' id='word_1_631' title='bbox 1482 2612 1556 2640; x_wconf 85' lang='lat' dir='ltr'><strong>Ilias,</strong></span> <span class='ocrx_word' id='word_1_632' title='bbox 1580 2611 1773 2643; x_wconf 73' lang='lat' dir='ltr'><strong>nachgewiesen</strong></span> <span class='ocrx_word' id='word_1_633' title='bbox 1791 2615 1835 2633; x_wconf 71' lang='lat' dir='ltr'><strong>aus</strong></span> <span class='ocrx_word' id='word_1_634' title='bbox 1851 2603 2039 2629; x_wconf 68' lang='lat' dir='ltr'><strong>umerflchieden</strong></span> <span class='ocrx_word' id='word_1_635' title='bbox 2057 2603 2092 2626; x_wconf 68' lang='grc' dir='ltr'><strong>’ΠΒ</strong></span> 
     </span>
     <span class='ocr_line' id='line_1_46' title="bbox 255 2653 1278 2690; baseline -0.003 -9"><span class='ocrx_word' id='word_1_636' title='bbox 255 2656 398 2690; x_wconf 77' lang='lat' dir='ltr'><strong>gebi-auehe</strong></span> <span class='ocrx_word' id='word_1_637' title='bbox 415 2656 459 2680; x_wconf 86' lang='lat' dir='ltr'><strong>der</strong></span> <span class='ocrx_word' id='word_1_638' title='bbox 477 2655 689 2688; x_wconf 63' lang='lat' dir='ltr'><strong>praepositionem</strong></span> <span class='ocrx_word' id='word_1_639' title='bbox 728 2654 875 2687; x_wconf 72' lang='lat' dir='ltr'><strong>Gottingen,</strong></span> <span class='ocrx_word' id='word_1_640' title='bbox 894 2653 1080 2678; x_wconf 81' lang='lat' dir='ltr'><strong>Vandenhoeck</strong></span> <span class='ocrx_word' id='word_1_641' title='bbox 1098 2661 1123 2679; x_wconf 87' lang='lat' dir='ltr'><strong>u.</strong></span> <span class='ocrx_word' id='word_1_642' title='bbox 1142 2654 1278 2686; x_wconf 82' lang='lat' dir='ltr'><strong>Ruprecht.</strong></span> 
     </span>
    </p>
   </div>
  </div>
 </body>
</html>
