2350 2831
1206 26 1225 55 5

388 107 455 136 Non
481 106 550 136 dico
573 106 748 142 Dardanos,
771 115 902 144 quorum
923 108 1061 143 Aeneas,
1084 116 1145 138 non
1167 107 1280 146 Lycios
1302 108 1387 145 illos,
1410 116 1541 146 quorum
1563 108 1723 137 Pandarus
1753 108 1816 137 dux
1839 106 1910 142 luit,
1935 115 1995 136 non
2019 107 2153 145 denique

285 173 391 196 eorum
412 165 508 200 ullos,
538 163 590 202 qui
610 163 698 202 primi
719 163 798 194 inter
816 164 1017 195 Troianorum
1037 165 1148 196 auxilia
1170 171 1372 198 recensentur
1393 166 1435 203 (Β
1457 164 1654 201 819—839):
1682 164 1713 194 hi
1743 164 1824 195 enim
1853 163 1913 202 ipsi
1939 164 2062 195 Troiani
2082 170 2154 195 sunt

284 224 333 253 vel
354 222 462 253 Priami
491 221 618 260 imperio
649 221 691 251 ita
719 221 847 252 subiecti
874 226 908 253 ut
931 230 993 253 non
1023 227 1206 262 separentur
1236 232 1255 254 a
1277 224 1430 255 Troianis:
1458 224 1497 253 de
1517 223 1575 254 illis
1598 223 1685 259 dico,
1707 223 1759 261 qui
1781 227 1854 260 post
1874 222 2014 252 Paeones
2035 222 2077 258 (B
2093 222 2150 252 851

284 284 387 318 seqq.)
408 280 633 315 describuntur,
652 279 907 318 Paphlagonibus‚
925 280 1033 319 Mysis,
1055 282 1159 320 Lydis,
1177 282 1289 320 Lyciis.
1333 283 1395 312 Nec
1418 282 1458 312 de
1479 281 1621 312 omnibus
1639 281 1739 317 simui,
1763 281 1823 311 sed
1844 280 2010 317 separatim
2032 281 2072 310 de
2093 280 2154 310 sin-

282 338 362 375 gulis
392 339 600 375 quaerendum
622 343 679 368 est.
725 338 792 368 Alia
812 339 891 368 enim
907 338 984 369 alius
1011 340 1119 377 populi
1139 340 1273 371 ineunda
1298 341 1355 371 erit
1378 340 1465 370 ratio.
1509 340 1610 377 Quare
1637 348 1720 370 nunc
1748 339 1873 377 quidem
1900 339 1940 368 de
1968 339 2071 377 Lyciis
2092 338 2153 369 dis-

283 396 408 434 putabo.

387 454 452 490 Qua
469 454 591 490 quidem
612 455 642 483 in
655 463 699 490 re,
720 459 883 491 antequam
903 455 943 483 ad
962 454 1060 491 ipsam
1083 455 1320 493 disputationem
1342 456 1500 493 pervenio,
1524 456 1695 485 cavendum
1714 456 1837 485 videtur
1858 455 1898 485 ab
1912 463 1951 484 eo
1974 463 2080 484 errore
2102 463 2149 490 ne,

286 511 312 542 si
331 511 383 549 qui
406 512 483 542 sorte
507 511 590 550 apud
610 511 776 541 Homerum
802 511 901 542 minus
923 520 1017 550 saepe
1040 517 1332 550 commemorentur,
1356 521 1412 544 eos
1433 512 1578 544 continuo
1605 521 1624 543 a
1642 517 1737 551 poeta
1758 512 1865 544 nescio
1886 520 1950 551 quo
1973 515 2083 542 contra
2105 519 2149 541 re·

283 579 348 599 rum
370 570 526 600 veritatem
548 571 638 600 fictos
661 578 732 600 esse
752 570 924 600 credamus.
970 571 1044 601 Cum
1064 571 1144 601 enim
1167 572 1330 607 verisimile
1353 571 1392 601 sit
1412 571 1480 601 illas
1506 580 1556 601 res
1577 580 1635 609 per
1655 573 1818 602 multorum
1841 579 1993 602 annorum
2017 570 2147 608 spatium

283 636 424 658 sermone
446 628 564 665 vulgari
584 637 645 658 non
668 627 819 665 scriptura
840 627 1007 657 memoriae
1031 628 1169 665 proditas
1190 638 1276 665 esse,
1299 633 1463 666 antequam
1476 637 1599 659 carmen
1618 630 1658 658 de
1678 629 1714 660 iis
1737 630 1938 659 conderetur:
1958 628 2025 658 fieri
2047 627 2147 665 potuit

281 690 314 716 ut
345 694 424 723 quae
451 686 616 724 antiquitus
650 687 748 716 suerat
783 685 966 723 singularum
1002 686 1131 723 partium
1163 687 1255 723 ratio,
1290 687 1442 725 paullatim
1476 687 1686 717 immutaretur
1716 687 1826 725 suique
1861 686 2018 717 dissimilis
2045 686 2144 716 fieret.

280 745 378 774 Unum
393 752 514 781 ponam,
537 745 621 781 quod
643 748 726 774 certe
748 744 846 781 potuit
868 743 933 773 fieri
955 749 985 774 et
1007 745 1089 774 haud
1111 744 1175 774 scio
1197 753 1235 774 an
1256 746 1368 775 factum
1388 744 1436 775 sit.
1480 745 1535 782 Qui
1557 744 1636 775 enim
1659 745 1798 776 homines
1820 753 1874 776 eas
1896 753 1948 775 res
1969 744 2146 780 narrabant,

282 804 416 834 Graecos
438 803 565 833 maxime
590 802 676 839 dico,
696 801 747 840 qui
769 802 798 831 in
818 802 892 832 Asia
911 802 1027 833 minore
1046 802 1234 840 habitabant,
1259 811 1326 833 cum
1349 803 1512 841 praeterita
1535 804 1574 833 ad
1595 803 1770 842 praesentia
1793 803 2080 839 accommodarent,
2111 806 2144 832 ut

281 866 353 892 sunt
370 862 524 892 hominum
546 861 678 898 ingenia,
706 861 787 890 haud
807 861 872 890 scio
896 869 934 890 an
957 869 1013 891 eos
1034 863 1184 898 populos,
1206 862 1387 898 quibuscum
1412 862 1471 900 ipsi
1491 862 1521 891 in
1543 862 1618 891 Asia
1640 870 1735 899 saepe
1757 863 1836 891 bella
1853 863 2018 899 gerebant,
2046 866 2145 891 trans-

279 920 400 951 tulerint
421 921 461 950 ad
484 920 596 950 bellum
620 919 692 949 illud
713 919 968 957 Agamemnonis,
998 920 1083 957 quod
1107 919 1240 958 antiquis
1262 920 1451 958 temporibus
1470 920 1660 957 inchoatum,
1681 929 1700 950 a
1722 928 1757 951 sc
1779 928 1888 951 rursus
1907 924 2091 958 susceptum
2113 926 2143 950 et

280 979 452 1007 absolutum
470 986 541 1006 esse
561 977 775 1013 gloriabantur.
818 978 884 1006 Non
908 977 1053 1006 continuo
1081 978 1138 1006 tale
1168 978 1282 1014 aliquid
1308 980 1420 1007 sactum
1442 987 1512 1007 esse
1534 979 1619 1014 dico,
1649 979 1704 1008 sed
1736 978 1801 1007 fieri
1826 978 1927 1015 potuit
1953 983 1984 1008 et
2007 978 2034 1008 si
2053 978 2143 1008 fieret

281 1036 443 1074 oportebat
460 1035 608 1066 immutari
631 1035 788 1066 veritatem
807 1043 928 1071 eorum,
957 1043 1037 1073 quae
1060 1036 1099 1065 de
1121 1036 1201 1067 bello
1224 1036 1354 1067 Troiano
1378 1040 1582 1067 narrarentur.
1626 1037 1725 1074 Quare
1747 1035 1792 1066 sie
1815 1039 1929 1066 statuo.
1972 1037 2039 1068 Non
2061 1045 2140 1073 eam,

281 1102 371 1130 quam
390 1102 447 1123 nos
468 1094 605 1130 legimus,
628 1093 727 1123 Iliadis
749 1093 1003 1130 compositionem
1024 1094 1217 1130 potissimum
1241 1102 1311 1124 esse
1332 1096 1540 1132 spectandam,
1562 1102 1619 1123 nec
1640 1094 1666 1123 si
1688 1102 1767 1130 quae
1786 1095 1851 1123 eius
1875 1095 2017 1124 carminis
2032 1099 2139 1132 partes

280 1151 402 1182 uberius
425 1154 606 1187 tractentur,
635 1159 688 1181 eas
711 1149 855 1180 continuo
880 1150 974 1180 videri
995 1151 1035 1180 ad
1059 1151 1216 1181 veritatem
1246 1156 1383 1182 narratas
1410 1160 1496 1182 esse:
1531 1151 1586 1181 sed
1613 1151 1822 1189 quaerendum
1845 1159 1918 1181 esse
1947 1152 1986 1181 de
2009 1151 2138 1189 singulis

279 1209 451 1239 hominibus
472 1209 672 1246 populisque,
697 1217 846 1246 quaenam
869 1217 972 1238 eorum
996 1209 1207 1246 antiquissimo
1229 1214 1367 1247 tempore
1391 1210 1481 1239 suerit
1502 1209 1653 1244 conditio,
1682 1217 1813 1246 quanam
1836 1209 1955 1239 ratione
1976 1209 2017 1239 ad
2046 1210 2140 1239 Grae·

280 1276 333 1297 cos
355 1267 544 1297 Troianosve
566 1266 777 1305 pertinuerint:
806 1267 1012 1304 comparanda
1034 1275 1105 1296 esse
1125 1268 1239 1303 omnia,
1270 1276 1347 1305 quae
1376 1268 1415 1296 de
1437 1272 1520 1297 tanta
1542 1276 1641 1297 rerum
1670 1271 1824 1297 vetustate
1845 1270 2004 1304 comperta
2025 1266 2137 1296 habea-

279 1335 362 1360 mus,
391 1334 458 1355 cum
479 1325 531 1361 iis,
559 1334 636 1362 quae
659 1325 750 1354 dubia
777 1325 873 1353 videri
898 1325 1019 1361 possint
1044 1330 1096 1354 aut
1121 1330 1203 1355 certe
1227 1327 1359 1355 nondum
1380 1327 1508 1363 probata
1532 1326 1601 1356 sint.
1645 1325 1739 1354 Multa
1760 1325 1790 1354 in
1814 1326 1915 1355 medio
1939 1326 2079 1356 relictum
2100 1325 2137 1355 iri

277 1383 384 1413 video:
411 1383 554 1413 nonnulla
575 1381 698 1420 probari
718 1389 813 1420 posse
833 1389 938 1419 spero.

381 1443 487 1472 Solent
516 1450 587 1471 vero
615 1442 675 1470 duo
695 1440 858 1478 Lyciorum
885 1441 980 1470 duces
1003 1440 1146 1477 coniungi
1173 1440 1203 1470 in
1228 1440 1326 1470 media
1354 1440 1453 1470 Iliadis
1478 1445 1574 1478 parte,
1596 1444 1779 1478 separantur
1801 1441 1831 1470 in
1859 1441 2015 1478 prioribus
2038 1441 2133 1472 libris.

278 1502 315 1530 Et
337 1500 441 1530 Glauci
470 1499 592 1537 quidem
615 1498 745 1536 primum
773 1499 892 1528 mentio.
912 1498 946 1527 fit
966 1498 995 1528 in
1024 1498 1194 1536 colloquio,
1221 1498 1304 1536 quod
1332 1506 1401 1528 cum
1425 1498 1572 1528 Diomede
1594 1498 1698 1528 habuit
1723 1499 1764 1535 (Z
1788 1498 1976 1535 119—236).
2020 1500 2077 1530 Est
2097 1508 2135 1529 ea

279 1559 410 1590 narratio
436 1563 466 1588 et
493 1566 593 1587 rerum
616 1557 799 1588 suavissima
827 1556 970 1586 varietate
993 1560 1100 1586 ornata
1127 1561 1158 1587 et
1184 1556 1394 1595 pulcherrimiS
1424 1556 1552 1593 floribus
1581 1556 1807 1595 luminibusque
1831 1557 1954 1588 dicendi
1974 1557 2135 1589 distincta:

277 1626 433 1655 nunquam
455 1616 610 1653 frangitur,
630 1616 695 1652 sed,
718 1624 787 1645 cum
807 1617 899 1653 plena
920 1615 1035 1652 vigoris
1053 1615 1101 1651 sit,
1124 1616 1210 1645 facile
1231 1616 1324 1646 currit
1338 1616 1519 1652 animosque
1531 1615 1717 1645 audientium
1735 1615 1811 1644 mira
1822 1617 1955 1653 quadam
1971 1616 2138 1646 dulcedine

277 1676 372 1714 capit:
401 1675 441 1705 ita
459 1679 492 1704 ut
516 1674 640 1703 Graecis
662 1661 860 1709 carminibus,
889 1681 968 1710 quae
991 1672 1111 1715 quidem
1134 1674 1173 1703 ad
1195 1682 1252 1704 nos
1274 1678 1494 1712 pervenerunt,
1517 1674 1542 1704 si
1563 1683 1625 1704 non
1646 1674 1787 1704 omnibus
1816 1679 1848 1704 at
1867 1679 1952 1704 certe
1974 1674 2135 1712 permultis

277 1737 368 1772 longe
391 1736 536 1771 praestet.
585 1732 646 1761 Iam
672 1740 747 1761 vero
775 1735 951 1761 annotatum
977 1734 1025 1760 est
1049 1729 1079 1759 in
1107 1731 1230 1761 scholiis
1255 1730 1382 1761 Venetis
1408 1730 1486 1760 inter
1512 1735 1634 1761 veteres
1662 1732 1845 1770 interpretes
1873 1740 1935 1762 non
1965 1732 2041 1762 satis
2063 1740 2137 1762 con-

276 1793 381 1823 venire
404 1799 464 1829 quo
487 1791 556 1820 loco
573 1791 717 1828 ponenda
738 1790 786 1825 sit,
809 1790 847 1819 ab
868 1790 933 1819 aliis
956 1790 1035 1820 enirn
1056 1790 1095 1818 ad
1119 1789 1208 1819 alium
1229 1791 1329 1819 locum
1352 1798 1419 1819 eam
1443 1790 1558 1819 referri.
1601 1791 1664 1820 Nec
1685 1795 1733 1820 est
1754 1791 1907 1828 profecto,
1930 1799 1986 1820 cur
1999 1799 2049 1826 eo,
2072 1800 2135 1828 quo

278 1859 360 1882 nunc
382 1854 438 1886 est,
462 1850 530 1878 loco
554 1847 745 1886 potissimum
764 1849 892 1885 legatur.
936 1848 969 1878 Si
990 1848 1069 1878 enim
1089 1856 1213 1878 versum
1232 1847 1429 1877 centesimum
1452 1848 1736 1878 duodevicesimum
1754 1847 1919 1886 perpaucis
1942 1848 2067 1878 mutatis
2088 1857 2136 1879 se-

277 1912 422 1948 queretur
440 1905 666 1936 ducentesimus
690 1905 861 1937 tricesimus
878 1906 1036 1944 septimus,
1059 1906 1156 1936 oratio
1179 1914 1240 1935 uon
1262 1909 1347 1935 esset
1368 1906 1498 1943 abrupta
1520 1907 1575 1936 sed
1596 1910 1668 1943 apte
1693 1907 1913 1943 eleganterque
1938 1907 2135 1944 procederet.

276 1969 512 2005 Interponuntur
538 1965 616 1994 enim
638 1964 713 1994 haec
743 1965 781 1994 de
805 1965 917 1995 Glauco
946 1964 998 2001 iis,
1029 1973 1108 2002 quae
1133 1968 1204 1995 sunt
1231 1965 1270 1994 de
1289 1964 1422 1994 Hectore
1449 1973 1466 1993 e
1492 1973 1596 2002 pugna
1620 1965 1752 1994 abeunte
1776 1969 1807 1994 et
1828 1964 2014 1995 adveniente
2035 1973 2136 2004 prope

276 2031 409 2066 portam:
436 2032 515 2062 quae
539 2022 660 2062 quidem
687 2026 718 2052 et
742 2027 812 2062 apte
839 2022 1009 2054 continuari
1035 2027 1168 2061 possunt
1191 2027 1222 2053 et
1248 2022 1330 2053 haud
1353 2022 1418 2053 scio
1446 2031 1484 2052 an
1509 2030 1527 2052 a
1548 2022 1698 2061 principio
1726 2022 1904 2054 continuata
1927 2022 2051 2053 fuerint.
2095 2026 2137 2054 At

277 2090 348 2117 sunt
369 2085 461 2114 multa
482 2082 616 2113 similiter
637 2082 667 2111 in
690 2086 749 2112 tam
772 2083 863 2120 longo
886 2082 1034 2118 carmine,
1066 2091 1134 2112 cum
1156 2081 1285 2112 diversis
1307 2081 1384 2112 locis
1412 2083 1522 2112 eodem
1543 2086 1684 2120 tempore
1708 2082 1782 2120 quid
1807 2086 1911 2112 actum
1933 2083 1987 2126 sit.
2000 2091 2136 2122 expona-

276 2150 334 2176 tur.
378 2143 456 2174 Sunt
482 2149 572 2172 sane:
602 2149 786 2179 quamquam
813 2141 985 2179 exemplum
1010 2141 1124 2171 nullum
1148 2144 1221 2178 puto
1251 2139 1378 2170 inveniri
1405 2144 1466 2170 tam
1494 2140 1691 2171 luculentum.
1736 2140 1815 2178 Quid
1840 2148 1916 2170 vero
1946 2140 1996 2172 hic
2024 2143 2064 2172 de
2085 2142 2136 2172 illa

277 2212 367 2241 quam
387 2201 449 2236 dixi
470 2199 736 2238 grammaticorum
758 2199 968 2229 controversia
990 2200 1194 2234 statuendum,
1217 2198 1268 2236 qui
1289 2198 1428 2236 prolecto
1450 2207 1606 2236 nunquam
1629 2207 1690 2237 quo
1712 2200 1782 2229 loco
1805 2199 1884 2229 haec
1903 2205 2058 2237 ponerent
2080 2201 2134 2230 du-

276 2261 466 2296 bitavissent,
486 2258 544 2289 nisi
561 2257 620 2296 ipsi
631 2257 707 2295 libri,
727 2265 857 2295 quorum
871 2256 989 2295 copiam
1010 2256 1170 2292 habebant,
1192 2257 1293 2286 locum
1306 2255 1485 2287 dubitationi
1497 2255 1676 2286 dedissent?
1697 2256 1854 2287 Decimam
1868 2266 1994 2296 quoque
2008 2257 2133 2296 rhapso-

275 2321 355 2350 diam
377 2317 551 2356 (Doloniam
573 2319 696 2352 vocant)
717 2324 735 2345 a
755 2315 911 2346 Pisistrato
932 2316 1053 2346 demum
1076 2324 1130 2350 eo,
1153 2323 1214 2352 quo
1238 2323 1318 2345 nunc
1347 2318 1409 2350 est,
1433 2315 1501 2345 loco
1525 2315 1707 2345 collocatam
1726 2324 1798 2346 esse
1821 2316 1947 2353 scimus,
1975 2325 2043 2347 cum
2063 2320 2131 2346 ante

274 2379 341 2410 eius
361 2382 492 2409 aetatem
513 2385 532 2406 a
554 2374 663 2406 ceteris
682 2374 818 2405 seiuncta
843 2373 960 2405 suisset.
1001 2374 1069 2404 Pari
1098 2374 1189 2404 modo
1216 2373 1295 2403 hanc
1321 2373 1360 2403 de
1383 2373 1496 2403 Glauco
1519 2373 1727 2405 narrationem
1755 2383 1774 2404 a
1795 2373 1946 2414 principio
1969 2384 1987 2405 a
2009 2373 2127 2412 reliquis

275 2440 458 2475 separatam,
481 2439 553 2473 post
573 2433 678 2465 nescio
700 2441 718 2463 a
740 2441 801 2471 quo
825 2433 953 2469 illatam,
975 2432 1064 2462 aliam
1084 2433 1166 2471 apud
1187 2432 1263 2462 alios
1285 2432 1391 2462 sedem
1412 2431 1622 2470 incertamque
1642 2433 1790 2463 habuisse
1812 2438 1906 2472 patet.

380 2494 526 2532 Sequitur
544 2497 697 2523 certamen
719 2491 908 2529 Sarpedonis
929 2500 996 2522 cum
1016 2491 1191 2529 Tlepolemo
1213 2491 1257 2526 (Ε
1270 2489 1460 2526 627-698).
1503 2490 1560 2520 Hic
1582 2499 1709 2529 quoque
1731 2500 1812 2529 quae
1835 2491 2014 2522 antecedunt
2036 2493 2128 2524 quae·

276 2562 336 2593 que
358 2561 426 2583 eam
445 2551 649 2583 narrationem
668 2555 851 2589 sequuntur,
872 2554 943 2589 apte
960 2549 1038 2581 inter
1059 2558 1093 2581 se
1112 2549 1292 2586 cohaerent,
1319 2553 1353 2580 ut
1383 2548 1409 2579 si
1436 2557 1474 2580 ne
1496 2549 1592 2580 verbo
1621 2548 1745 2588 quidem
1767 2554 1882 2582 mutato
1904 2557 1921 2577 a
1943 2553 2035 2576 versu
2057 2552 2127 2576 sex-

275 2611 442 2643 centesimo
469 2610 614 2640 vicesimo
636 2615 725 2640 sexto
751 2610 791 2639 ad
817 2608 1202 2648 undeseptingentesimum
1228 2612 1381 2644 transeas,
1413 2608 1484 2637 nihil
1506 2609 1620 2639 deesse
1639 2609 1788 2640 videatur.
1832 2607 1927 2636 Habet
1953 2613 2029 2636 vero
2058 2604 2129 2641 ipsa
