2229 2864
1026 54 1063 84 10

119 152 183 186 est,
209 157 393 187 quamquam
416 147 481 178 aliis
507 154 630 185 quoque
657 145 734 177 locis
763 144 830 176 eius
852 149 1049 176 monumenta
1073 145 1170 176 fuisse
1192 145 1346 181 dicuntur,
1374 148 1408 176 ut
1432 144 1462 176 in
1486 144 1597 177 Sicilia.
1642 146 1793 184 Eetionis,
1817 147 1868 186 qui
1892 152 1981 186 pater

119 207 175 236 fuit
196 207 440 241 Andromachae,
464 207 700 237 monumentum,
723 204 807 239 quod
827 204 939 233 Thebis
951 203 1067 233 Troicis
1089 203 1152 238 suit,
1172 205 1326 233 Homerus
1348 203 1416 240 ipse
1438 204 1528 240 quale
1550 208 1634 234 esset
1656 205 1820 242 descripsit
1839 206 1984 236 suavissi-

119 274 168 295 me
190 266 231 303 (Z
252 266 336 303 416).
378 264 468 303 Quid,
493 263 575 301 quod
594 261 724 291 Pandari
745 270 870 300 quoque
900 263 1076 301 sepulcrum
1104 270 1203 300 prope
1222 261 1409 293 Simoentem
1440 263 1567 294 fluvium
1588 262 1678 294 situm
1704 263 1759 294 fuit
1785 263 1905 302 (Steph.
1928 262 1984 294 Ζέ-

119 325 214 359 λεια).
260 325 358 361 Quare
383 332 452 353 cum
480 322 583 351 talium
607 328 710 349 rerum
735 323 797 349 tam
827 322 974 358 frequens
1002 325 1087 351 esset
1112 320 1141 350 in
1169 321 1219 350 illa
1246 321 1372 358 regione
1403 322 1562 358 memorIa,
1593 331 1654 352 non
1682 322 1786 359 inepte
1815 323 1982 352 Pausanias

77 379 81 382 ’
120 383 213 419 (VllI,
237 382 284 419 12,
307 383 335 412 5.
359 383 395 411 cs.
418 381 457 410 ad
477 380 514 409 N
528 379 603 414 459)
625 382 712 408 extra
730 379 860 409 Troadis
880 380 958 410 fines
981 380 1043 409 vita
1067 379 1244 410 excessisse
1266 380 1385 418 putavit
1411 381 1584 416 Anchisen,
1612 381 1755 417 quoniam
1778 382 1907 417 Aeoles‚
1932 379 1983 418 qui

120 439 150 469 in
172 448 209 469 ea
230 440 355 478 regione
376 438 552 472 habitarent,
573 437 638 467 eius
659 435 716 466 viri
735 438 912 475 sepulcrum
935 446 997 468 non
1021 438 1177 467 haberent.
1222 437 1284 468 Sed
1304 439 1416 469 erravit
1440 439 1485 469 vir
1507 437 1658 477 egregius,
1679 439 1764 475 quod
1785 439 1902 477 putavit
1922 441 1984 469 An-

123 498 226 529 chisae
246 500 357 529 nullum
380 498 409 527 in
432 497 551 526 Troade
574 504 646 526 esse
669 497 863 533 sepulcrum:
887 497 1110 527 ostendebatur
1128 496 1207 527 enim
1230 497 1260 527 in
1280 497 1334 527 Ida
1356 502 1459 528 monte
1482 499 1581 533 (Eust.
1607 496 1677 532 850,
1700 497 1764 533 32).

225 557 291 586 Duo
313 559 391 590 sunt,
415 562 493 592 quae
516 553 642 591 probari
667 557 743 590 puto
766 553 814 583 his
835 562 915 591 quae
938 555 1031 584 modo
1054 554 1130 584 dixi:
1153 555 1283 585 alterum
1305 555 1414 586 solitos
1437 556 1531 586 l'uisse
1543 555 1677 585 Graecos
1700 555 1830 592 sepelire
1843 564 1907 591 eos,
1932 556 1984 595 qui

122 613 150 643 in
172 622 274 651 pugna
295 612 489 647 cecidissent,
518 611 548 641 in
572 619 647 648 agro
670 611 821 647 Troiano,
852 613 981 642 alterum
1002 613 1096 642 multa
1118 613 1158 643 ob
1181 621 1248 642 eam
1271 622 1334 643 rem
1358 613 1452 644 fuisse
1475 613 1504 643 in
1528 622 1564 643 ea
1589 612 1714 650 regione
1736 618 1931 643 monumenta
1954 620 1984 645 et

93 686 107 691 „
122 675 195 700 nota
220 671 312 700 fuisse
340 670 463 699 nomina
485 677 593 699 eorum
615 668 768 705 virorum,
792 668 845 705 qui
867 668 908 698 ibi
934 670 1047 707 sepulti
1077 674 1192 699 essent.
1236 671 1298 699 Iam
1322 679 1394 700 vero
1416 672 1526 700 Nestor
1553 678 1614 707 quo
1637 671 1706 699 loco
1729 679 1847 699 murum
1868 671 1984 701 exstrui

121 731 193 763 vult,
213 730 357 758 tumulum
380 737 505 766 quoque
527 728 592 759 fieri
613 727 712 763 iussit,
732 728 772 757 ad
794 737 868 758 ossa
890 729 1061 764 condenda,
1082 737 1169 766 quae,
1190 729 1215 759 si
1228 730 1351 766 quando
1374 730 1497 759 domum
1516 728 1640 759 redituri
1653 733 1765 765 essent,
1788 734 1986 766 asportarent

121 790 150 816 et
167 787 203 816 ad
217 787 329 817 liberos
348 789 538 816 mortuorum
561 787 726 816 deferrent.
771 786 838 823 Qua
857 786 980 824 quidem
1003 786 1033 816 in
1049 795 1082 816 re
1104 795 1165 817 non
1189 787 1404 825 negligendum
1425 787 1552 821 videtur,
1577 787 1661 824 quod
1681 795 1742 816 non
1765 795 1802 816 ea
1824 796 1884 825 qua
1905 789 1985 818 solet

121 850 183 875 arte
200 845 229 875 id
250 845 324 875 dixit
346 846 507 881 Homerus,
532 846 588 875 sed
613 845 715 876 verbis
736 845 831 876 utitur
851 846 1037 876 durioribus.
1082 848 1126 876 lta
1143 846 1222 876 enim
1245 847 1327 881 dixit,
1352 846 1438 883 quasi
1460 854 1515 876 sua
1539 845 1669 883 quisque
1690 854 1764 876 ossa
1786 846 1910 876 domum
1933 848 1984 877 de-

121 904 209 932 ferret
252 904 302 938 (H
323 903 394 932 334.
414 899 459 939 ὅς
480 901 507 932 κ’
531 899 629 933 ὀστέα
649 901 765 933 παισὶν
784 901 922 939 ἕκαστος
943 901 1054 933 οἴκαδ’
1079 900 1171 944 ἅγῃ);
1206 905 1293 934 cuius
1315 904 1515 942 negligentiae
1539 911 1605 932 eam
1630 912 1753 933 causam
1775 904 1869 934 fuisse
1889 905 1984 934 credi-

121 961 223 997 derim,
242 962 326 998 quod
344 965 459 991 mutata
473 966 545 992 sunt
566 963 715 992 nonnulla
736 961 765 991 in
789 961 836 991 his
855 961 998 992 versibus
1021 962 1126 992 nescio
1151 970 1168 991 a
1191 970 1263 999 quo.
1308 961 1418 992 Similis
1442 961 1520 991 enim
1546 965 1594 991 est
1614 961 1689 991 ratio
1712 962 1921 1002 sequentium,
1944 963 1983 992 ad

122 1027 198 1056 quae
221 1019 279 1049 iam
306 1023 442 1049 transeo.
488 1020 555 1049 Non
583 1019 662 1049 enim
690 1024 774 1049 recte
796 1020 910 1049 Nestor
930 1019 1128 1049 indiscretum
1150 1014 1313 1057 (ἄκριτον)
1340 1023 1429 1049 vocat
1458 1028 1548 1056 quem
1577 1020 1714 1050 construi
1735 1021 1800 1050 vult
1820 1022 1983 1050 tumulum:

121 1077 205 1107 cuius
227 1081 330 1114 partes
356 1077 382 1106 si
400 1079 485 1107 nullo
508 1077 685 1108 discrimine
708 1077 980 1114 dignoscerentur,
1006 1086 1067 1107 nou
1088 1082 1208 1115 poterat
1231 1078 1295 1107 fieri
1318 1083 1351 1108 ut
1373 1077 1456 1107 linito
1477 1078 1557 1108 bello
1579 1077 1766 1115 singulorum
1790 1087 1863 1108 ossa
1885 1087 1984 1108 secer-

120 1140 269 1166 nerentur.
314 1136 398 1173 Quae
416 1140 482 1165 erat
507 1135 576 1174 ipsa
595 1130 706 1172 causa,
734 1143 788 1165 cur
812 1139 1032 1166 exstrueretur.
1077 1136 1214 1165 Debebat
1233 1140 1284 1165 aut
1303 1136 1403 1166 nullus
1426 1136 1489 1166 fieri
1510 1140 1562 1166 aut
1583 1136 1669 1167 cuius
1694 1141 1795 1174 partes
1817 1136 1903 1166 facile
1926 1135 1986 1166 dis-

120 1198 325 1224 cernerentur.
375 1194 528 1224 Viderunt
557 1194 618 1224 hoc
646 1198 785 1229 veteres,
818 1198 852 1224 ut
885 1198 933 1224 est
959 1194 987 1223 in
1018 1194 1158 1229 scholiis,
1192 1194 1333 1224 viderunt
1361 1203 1453 1232 porro
1486 1195 1566 1224 aliud
1595 1194 1818 1232 gravissimum.
1869 1195 1986 1232 Negant

121 1252 199 1280 enim
226 1256 309 1281 recte
334 1252 372 1281 de
396 1251 594 1289 asportandis
625 1251 751 1281 ossibus
779 1252 958 1288 praecipere
983 1253 1154 1281 Nestorem.
1210 1252 1271 1280 Sed
1294 1252 1397 1288 potius
1426 1252 1492 1289 ipsa
1517 1252 1714 1289 interpretum
1740 1253 1836 1281 verba
1859 1252 1984 1282 afferam

120 1311 171 1345 (ad
182 1310 218 1339 H
226 1310 316 1346 334):
341 1308 499 1349 „Vir-qula
520 1310 555 1340 ki
569 1319 680 1340 versus
701 1314 854 1347 notamur,
878 1311 952 1349 quia
973 1320 1033 1340 non
1045 1314 1208 1348 propterea
1230 1311 1341 1340 mortui
1362 1311 1588 1346 cremabantur,
1609 1315 1642 1340 ut
1659 1319 1730 1340 ossa
1743 1315 1985 1349 asportarentur,

123 1370 200 1407 „sed
227 1370 299 1407 quia
322 1370 416 1399 moris
444 1372 522 1401 erat.
569 1367 797 1399 Cremabantur
820 1369 899 1399 enim
921 1370 1027 1405 etiam,
1054 1369 1108 1406 qui
1132 1369 1212 1397 domi
1233 1377 1310 1398 suae
1334 1370 1444 1399 mortui
1462 1374 1569 1401 essent.
1614 1367 1706 1408 Apud
1727 1367 1889 1399 Homerum
1910 1370 1988 1400 enim

123 1428 285 1464 „uniwrse
304 1436 363 1466 quo
385 1428 453 1465 quis
472 1428 542 1458 loco
562 1430 743 1463 moreretur,
761 1427 805 1457 ihu·
824 1428 891 1457 eius
910 1436 982 1457 ossa
998 1427 1241 1456 condebantur.“
1283 1426 1337 1455 His
1361 1426 1467 1456 similia
1485 1428 1533 1456 vel
1556 1427 1663 1456 eadem
1684 1426 1748 1455 aliis
1770 1427 1844 1456 locis
1866 1430 1900 1465 (y
1918 1427 1985 1456 109.

122 1485 156 1514 Σ
175 1484 248 1519 332)
271 1489 450 1523 repetuntur
471 1485 510 1515 ab
532 1483 762 1523 interpretibus.
809 1483 865 1522 Qui
888 1492 957 1514 cum
977 1487 1060 1514 recte
1085 1482 1257 1513 sensissent
1277 1492 1327 1520 ea,
1350 1493 1428 1522 quae
1450 1485 1509 1515 hoc
1530 1485 1600 1514 loco
1623 1488 1728 1514 essent
1749 1492 1889 1521 quaeque
1910 1484 1986 1522 aliis,

124 1552 294 1580 repugnare
320 1543 399 1573 inter
421 1552 456 1574 se
477 1548 508 1573 et
529 1547 654 1581 praeter
676 1543 933 1574 consuetudinem
954 1550 1040 1578 esse,
1063 1550 1142 1578 quae
1164 1541 1357 1579 praeciperet
1379 1543 1505 1581 Nestor,
1535 1551 1610 1572 casu
1632 1550 1753 1572 errasse
1775 1546 1897 1579 poetam
1919 1543 1985 1579 rati,

123 1609 183 1630 non
206 1601 332 1631 consino
356 1606 387 1631 et
410 1604 567 1631 voluntate
585 1601 615 1630 id
634 1602 747 1638 egisse,
773 1601 915 1629 videntur
934 1600 1004 1628 mihi
1020 1608 1081 1628 non
1103 1604 1183 1628 recte
1196 1600 1394 1637 perspexisse
1410 1609 1488 1636 quae
1499 1604 1583 1629 esset
1599 1599 1642 1628 rei
1655 1604 1762 1628 natura
1776 1604 1867 1636 atque
1883 1609 1985 1630 causa.

123 1660 196 1689 Nam
218 1659 244 1690 si
266 1659 293 1689 ei
315 1659 490 1697 narrationi,
513 1668 593 1698 quae
618 1663 685 1691 erat
707 1660 746 1690 de
768 1659 850 1688 bello
873 1658 1016 1693 Troiano,
1039 1664 1120 1687 nova
1138 1657 1253 1687 addere
1275 1659 1367 1687 vellet
1385 1662 1477 1696 poeta
1495 1662 1525 1688 et
1546 1658 1673 1688 aliorum
1692 1658 1803 1688 ducum
1824 1658 1987 1688 certamina

124 1718 289 1754 cladesque
312 1726 485 1755 exponere,
516 1727 648 1755 quorum
676 1719 759 1748 nulla
787 1718 816 1747 in
841 1725 878 1746 ea
898 1716 1024 1753 regione
1047 1716 1209 1745 exstabant
1233 1715 1374 1753 vestigia:
1404 1716 1453 1745 via
1482 1724 1518 1745 ac
1538 1715 1614 1746 ratio
1638 1716 1840 1753 excogitanda
1862 1717 1889 1745 ei
1912 1721 1985 1752 erat,

126 1784 184 1812 qua
205 1776 347 1813 probaret
368 1777 508 1813 sepultos
531 1785 593 1806 non
610 1784 682 1806 esse
701 1776 785 1814 apud
802 1774 939 1810 Troiam,
963 1782 1042 1811 quos
1064 1773 1105 1802 ibi
1127 1778 1252 1803 necatos
1274 1781 1345 1803 esse
1368 1778 1432 1803 erat
1452 1773 1598 1804 dicturus.
1643 1774 1704 1804 Nisi
1726 1775 1817 1803 talem
1840 1774 1987 1804 rationem

125 1833 303 1868 invenisset,
326 1833 421 1863 facilis
442 1838 509 1863 erat
530 1838 561 1863 et
582 1835 612 1863 in
636 1838 780 1872 promptu
803 1832 945 1862 refutatio
970 1839 1028 1861 nec
1050 1836 1111 1861 tam
1133 1831 1406 1868 grammaticorum,
1431 1831 1481 1868 qui
1501 1833 1591 1869 longe
1613 1832 1742 1869 repetita
1764 1837 1986 1869 compararent,

127 1900 215 1928 quam
236 1891 386 1925 cuiusvis,
410 1891 462 1928 qui
486 1892 584 1922 oculis
610 1892 741 1922 vidisset
764 1891 834 1920 litus
852 1890 1054 1927 Hellesponti.
1100 1890 1144 1919 De
1165 1889 1354 1926 Sarpedonis
1382 1897 1512 1927 corpore
1534 1890 1607 1927 quid
1629 1889 1823 1927 excogitasse
1848 1890 1988 1919 videatur

126 1949 183 1978 iam
206 1949 424 1978 demonstravi.
468 1950 531 1978 Sed
553 1950 664 1979 addam
686 1950 768 1979 aliud
791 1949 975 1985 exemplum.
1022 1949 1148 1977 Constat
1160 1947 1296 1976 Boeotos
1315 1955 1331 1976 e
1346 1948 1502 1977 Thessalia
1515 1948 1672 1985 profectos
1685 1948 1779 1977 multo
1795 1951 1866 1984 post
1877 1949 1987 1978 bellum

127 2006 287 2038 Troianum
308 2006 337 2036 in
359 2015 412 2036 eas
433 2007 576 2045 regiones
594 2007 729 2044 venisse,
753 2015 832 2045 quae
854 2010 964 2045 postea
977 2005 1107 2036 Boeotia
1128 2004 1166 2034 ab
1180 2004 1286 2034 incolis
1307 2004 1406 2035 dictae
1428 2010 1509 2036 sunt.
1552 2007 1619 2036 Non
1633 2004 1723 2043 igitur
1735 2009 1901 2043 potuerunt
1910 2005 1988 2036 Atri-

129 2065 175 2094 dis
197 2065 306 2094 auxilio
329 2065 433 2094 venire
456 2074 495 2095 ex
517 2066 656 2102 Boeotia,
678 2070 713 2100 ut
735 2070 838 2095 narrat
859 2066 1027 2099 Homerus,
1051 2067 1085 2092 ut
1107 2063 1158 2099 qui
1176 2063 1310 2092 nondum
1333 2069 1437 2094 essent
1457 2064 1486 2093 in
1510 2073 1548 2093 ea
1569 2068 1659 2093 terra.
1704 2065 1791 2101 Quod
1816 2072 1892 2093 vero
1911 2064 1988 2093 Thu-

129 2124 257 2161 cydides
278 2122 352 2153 dixit
377 2127 495 2161 partem
518 2123 651 2161 aliquam
674 2131 799 2161 eorum,
821 2131 913 2161 quam
937 2124 1030 2153 multo
1058 2125 1132 2159 post
1159 2121 1251 2151 ceteri
1274 2122 1371 2152 secuti
1392 2125 1507 2157 essent,
1536 2121 1595 2152 iam
1617 2122 1687 2152 belli
1709 2122 1828 2152 Troiani
1849 2126 1988 2159 tempore

128 2182 158 2211 in
170 2181 297 2212 Boeotia
313 2180 408 2211 tuisse
419 2185 450 2211 et
463 2182 574 2211 auinIa
589 2181 710 2212 Troiam
723 2181 855 2216 misisse,
877 2184 971 2216 recte,
994 2184 1027 2209 ut
1041 2179 1142 2209 multis
1157 2179 1285 2215 videtur,
1309 2178 1427 2210 censuit
1443 2180 1478 2209 Ο.
1491 2180 1654 2211 Muellerus
1668 2181 1770 2216 (Orcli.
1779 2180 1854 2216 393)
1866 2183 1988 2218 captum

128 2239 309 2269 auctoritate
330 2240 464 2276 Homeri,
484 2244 519 2270 ut
539 2240 708 2278 explicaret
730 2249 809 2277 quae
830 2240 909 2269 inter
928 2248 962 2269 se
985 2241 1205 2276 repugnarent,
1230 2238 1406 2268 coniectura
1427 2237 1457 2266 id
1480 2246 1601 2268 sumere
1627 2238 1816 2276 scriptorem,
1838 2247 1900 2268 non
1922 2246 1989 2267 nar-

126 2305 197 2327 rare
230 2304 309 2333 quae
336 2297 500 2327 memoriae
532 2298 653 2335 prodita
681 2302 797 2328 essent.
858 2298 1047 2335 Quamquam
1075 2296 1209 2332 quodam
1237 2296 1329 2325 modo
1357 2296 1467 2325 Strabo
1500 2304 1625 2334 quoque
1661 2297 1724 2333 (IX,
1753 2295 1824 2325 248.
1854 2297 1891 2325 A.
1914 2295 1989 2330 615)

125 2354 299 2392 Thucydidi
320 2356 492 2385 assentitur.
536 2357 574 2385 Et
595 2356 784 2386 Boeotorum
800 2356 954 2385 Homerus
971 2354 1107 2391 quinque
1132 2354 1226 2383 duces
1247 2354 1343 2384 fuisse
1366 2354 1446 2390 dicit,
1471 2362 1601 2392 quorum
1622 2355 1792 2384 secundum
1808 2354 1989 2383 Pausaniam

124 2413 189 2449 (lX,
213 2412 242 2448 4,
262 2410 294 2446 2)
318 2412 403 2441 solus
432 2412 461 2441 in
485 2413 642 2443 Graeciam
669 2413 759 2443 rediit
778 2413 900 2442 Leitus:
935 2416 998 2441 tres
1027 2411 1093 2448 ipse
1122 2411 1271 2441 Homerus
1301 2412 1477 2442 interfectos
1505 2420 1577 2442 esse
1598 2411 1733 2441 narravit
1759 2411 1803 2447 (Ο
1826 2410 1896 2441 329.
1919 2411 1989 2441 340.

122 2472 253 2506 ,Ε’450).
298 2471 434 2507 Quorum
455 2471 577 2508 quidem
596 2473 740 2509 sepulcra
762 2472 788 2501 si
811 2471 879 2508 quis
904 2470 1082 2507 requireret,
1104 2479 1165 2500 non
1186 2475 1325 2508 poterant
1347 2480 1384 2501 ea
1406 2472 1487 2509 apud
1510 2470 1629 2500 Troiam
1649 2469 1778 2506 ostendi,
1803 2474 1836 2500 ut
1859 2469 1910 2507 qui
1931 2470 1991 2507 ipsi

127 2537 283 2567 nunquam
303 2527 345 2558 ibi
368 2527 506 2559 fuissent.
548 2529 649 2560 Finxit
668 2528 760 2567 igitur
782 2532 875 2567 poeta
894 2527 1003 2564 fuisse,
1030 2535 1160 2566 quorum
1182 2537 1255 2559 ossa
1272 2532 1429 2568 asportata
1449 2532 1556 2560 essent
1576 2528 1607 2558 in
1628 2527 1794 2558 Graeciam.
1838 2528 1878 2558 Ut
1898 2529 1990 2559 Arce-

131 2586 207 2624 silai,
230 2588 320 2619 cuius
347 2588 494 2625 reliquias
517 2589 636 2619 Leitum
660 2585 785 2618 domum
809 2588 975 2617 devexisse
1004 2587 1132 2625 legimus
1154 2589 1235 2626 apud
1252 2589 1432 2619 Pausaniam
1461 2590 1523 2624 (lx,
1545 2588 1594 2624 39,
1614 2587 1656 2625 2).
1699 2589 1795 2618 Porro
1824 2588 1904 2618 sama
1925 2592 1991 2618 erat

132 2644 352 2677 Thersandrum
377 2655 505 2685 quoque
527 2646 682 2686 Polynieis
706 2646 799 2676 filium
822 2653 890 2675 cum
914 2647 1144 2682 Agamemnone
1167 2645 1195 2676 in
1220 2646 1324 2677 Asiam
1352 2648 1537 2684 profectum,
1567 2646 1703 2677 occisum
1726 2654 1798 2676 esse
1816 2654 1833 2675 a
1854 2646 1989 2684 Telepho

619 2777 633 2793 θ
