2368 2864
1106 65 1143 94 12

194 155 260 187 ticis
280 155 404 186 Graecis
427 159 510 185 recte
534 158 697 193 perspecta
719 163 790 185 esse
810 155 878 192 quis
902 155 1036 192 negabit.
1080 156 1154 184 Nam
1177 154 1391 184 intellexerunt
1413 157 1444 182 et
1464 150 1575 183 versus
1597 152 1778 183 subditicios
1795 161 1866 183 esse
1889 153 2060 190 permultos

196 220 226 244 et
246 218 329 243 recte
356 215 536 251 plerumque
565 212 749 249 argumentis
779 212 952 242 indicarunt
978 212 1028 249 qui
1048 216 1163 241 essent.
1209 213 1292 248 Quae
1317 212 1518 240 abhorrerent
1539 211 1577 240 ab
1595 219 1654 240 usu
1677 210 1814 245 dicendi,
1839 218 1918 247 quae
1936 218 1997 239 non
2020 211 2059 240 ad

195 272 353 303 veritatem
379 276 501 302 narrata
525 274 629 301 essent
656 274 829 300 senserunt.
881 270 943 300 Sed
972 278 1067 308 saepe
1095 274 1258 300 versantur
1284 269 1313 298 in
1341 269 1435 299 rebus
1463 269 1583 306 parvis,
1618 268 1768 298 interdum
1797 267 1887 298 etiam
1915 267 2060 298 ridiculis.

199 331 277 367 Quot
298 330 393 360 libros
414 329 452 358 de
473 328 593 357 navium
614 327 794 358 recensione
817 328 950 359 confecit
974 327 1146 357 Demetrius
1170 327 1333 365 Scepsius,
1355 334 1423 355 cum
1444 325 1535 355 nimia
1557 326 1689 363 quadam
1712 326 1875 364 diligentia,
1900 334 1939 355 ne
1951 325 2061 354 .dicam

199 387 392 423 morositate,
416 388 522 422 urbes,
543 386 653 421 duces,
678 386 796 416 fabulas
817 386 952 424 denique
976 386 1112 417 cuiusvis
1140 385 1263 424 generis
1286 385 1546 422 persequeretur?
1591 383 1677 414 Multi
1699 393 1774 414 sane
1802 384 1831 414 in
1859 385 1919 414 hoe
1947 392 2062 421 genere

199 445 367 474 doctrinam
396 444 489 480 magis
510 442 684 472 ostendisse
713 443 872 479 videntur,
903 438 994 481 quarn
1026 444 1204 473 adhibuisse
1233 444 1271 472 ad
1298 442 1527 479 explicandum:
1562 450 1651 471 nemo
1681 442 1798 470 infinita
1832 450 1930 479 paene
1962 450 2062 471 rerum

202 502 291 539 copia
316 505 460 539 congesta
488 501 526 530 ad
553 500 761 531 inventionem
789 502 961 539 argumenti
990 502 1128 532 adiunxit
1152 503 1376 532 absolutionem
1400 499 1640 537 argumentandi.
1686 500 1770 537 Quae
1794 498 1821 529 si
1843 499 1884 528 ita
1904 504 1985 536 sunt,
2009 508 2062 529 noÎ‡

201 563 296 588 strum
319 563 380 593 est,
409 566 485 594 quae
506 557 547 586 illi
569 557 713 588 inchoata
733 559 938 596 reliquerunt,
967 560 1112 597 persequi
1137 564 1167 589 et
1187 560 1213 589 si
1234 559 1326 588 modo
1350 557 1415 586 fieri
1436 561 1542 594 potest
1562 557 1601 586 ad
1629 557 1858 586 conclusionem
1881 558 2063 593 perducere.

200 618 234 646 Id
257 621 288 646 ut
309 616 413 646 faciam
434 616 492 644 iam
513 616 649 646 tentabo.

307 673 501 703 Continentur
521 677 622 702 autem
645 682 696 703 res
712 674 902 711 Sarpedonis
925 675 962 704 iis
986 676 1049 704 iere
1063 675 1160 710 libris,
1184 673 1233 711 qui
1255 674 1413 703 ordiuntur
1428 681 1445 702 a
1467 672 1543 702 muri
1563 672 1803 710 oppugnatione.
1848 672 1963 708 Quibus
1986 672 2065 701 enim

203 732 391 769 superiorum
412 731 559 761 librorum
582 731 658 768 locis
681 732 795 762 mentio
819 733 853 762 fit
872 733 1062 770 Sarpedonis
1084 733 1227 762 Glaucive
1248 735 1333 767 (sunt
1355 740 1428 761 vero
1453 739 1559 761 omnes
1587 735 1742 768 quatuor),
1766 739 1822 761 eos
1844 739 1906 760 non
1930 739 1948 759 a
1968 730 2065 767 primo

204 794 293 827 poeta
314 790 484 826 profectos,
513 790 570 818 sed
588 794 699 826 postea
722 798 784 819 non
804 795 888 820 recte
911 791 1011 820 illatos
1038 799 1109 820 esse
1131 799 1225 827 supra
1244 789 1461 819 demonstravi.
1505 790 1600 817 Recte
1626 793 1903 818 commemorantur
1925 789 1955 817 hi
1982 788 2066 826 Lycii

203 849 229 876 in
252 847 433 876 duodecimo
456 847 533 876 libro
557 847 673 883 iisque,
710 848 762 884 qui
785 848 927 885 proxime
958 852 1145 885 sequuntur,
1181 848 1310 877 maxime
1337 852 1424 877 sexto
1455 847 1573 875 decimo
1603 851 1634 875 et
1663 847 1794 883 septimo
1822 846 1952 875 decimo.
2004 847 2066 875 Nec

204 907 417 934 commemorat
440 907 556 933 tantum
582 912 638 933 eos
669 908 779 941 poeta,
801 906 857 934 sed
883 905 1045 943 plurimum
1069 909 1209 935 versatur
1231 905 1259 934 in
1281 913 1387 934 eorum
1409 903 1517 941 pugnis
1541 904 1709 933 narrandis.
1754 904 1837 940 Quae
1860 911 1933 932 vero
1958 906 2006 932 est
2028 903 2067 931 de

204 962 430 1000 oppugnatione
451 962 528 991 muri
550 962 699 998 narratio,
724 971 762 993 ea
785 963 827 993 ita
849 972 918 993 cum
938 963 1040 1001 Lyciis
1064 963 1226 993 coniuncta
1248 967 1310 998 est,
1339 966 1372 992 ut
1394 962 1439 992 his
1459 962 1590 999 demptis
1613 963 1694 991 nulla
1717 962 1764 992 sit.
1810 962 1847 992 Hi
1872 961 1962 998 igitur
1991 949 2066 996 libri,

204 1019 270 1049 dico
295 1020 509 1050 duodecimum
532 1028 601 1049 cum
625 1020 778 1050 nonnullis
803 1021 999 1057 sequentium
1022 1030 1121 1059 usque
1142 1022 1181 1050 ad
1197 1021 1348 1050 decimum
1372 1020 1542 1057 septimum,
1563 1029 1612 1050 res
1635 1020 1791 1050 continent
1817 1021 1904 1049 fictas
1923 1028 1941 1049 a
1959 1023 2065 1056 poeta:

205 1087 281 1115 quae
304 1087 375 1108 vero
396 1079 425 1107 in
449 1078 551 1115 priore
571 1082 658 1115 parte
681 1078 783 1108 Iliadis
806 1084 983 1115 narrantur,
1004 1080 1029 1109 si
1051 1088 1111 1109 non
1128 1088 1202 1109 vera
1224 1083 1295 1109 sunt
1314 1083 1344 1108 at
1367 1082 1448 1108 certe
1472 1079 1651 1109 videbantur
1670 1087 1742 1109 esse
1765 1088 1837 1108 vera
1855 1083 1885 1108 et
1908 1082 2018 1116 poetae
2038 1082 2068 1107 et

205 1135 255 1167 iis.
286 1136 336 1172 qui
359 1144 428 1165 eum
450 1135 600 1165 audirent.

307 1193 402 1222 Huius
424 1194 467 1222 rei
488 1194 593 1222 similis
623 1197 671 1222 est
695 1193 772 1222 ratio
796 1202 902 1223 eorum
931 1198 1093 1230 poetarum
1113 1194 1263 1231 (cyclicos
1283 1197 1423 1228 vocant),
1449 1194 1499 1230 qui
1529 1193 1755 1222 antehomerica
1781 1198 1811 1222 et
1839 1193 2067 1230 posthomerica

206 1250 403 1287 scripserunt.
449 1252 522 1280 Cum
545 1251 626 1280 enim
649 1251 758 1280 decem
781 1260 880 1281 annos
905 1252 987 1289 apud
1006 1250 1127 1280 Troiam
1147 1257 1315 1288 pugnatum
1337 1259 1408 1280 esse
1431 1254 1598 1287 putaretur,
1620 1259 1680 1280 non
1704 1250 1805 1285 facile,
1827 1259 1904 1287 quae
1927 1251 1965 1279 de
1987 1250 2067 1279 bello

206 1307 256 1337 illo
277 1309 367 1344 vulgo
383 1308 568 1343 serebantur,
589 1308 786 1338 sufficiebant
803 1312 889 1339 tanto
912 1308 1059 1346 temporis
1076 1308 1187 1345 spatio.
1231 1310 1304 1337 Nam
1325 1309 1351 1338 si
1371 1316 1479 1338 revera
1497 1316 1553 1345 per
1575 1309 1681 1337 decem
1703 1316 1802 1337 annos
1817 1308 1929 1337 bellum
1952 1306 2069 1341 ruisset,

208 1365 287 1393 haud
309 1365 398 1394 dubie
421 1367 514 1395 multo
537 1367 639 1403 plura,
665 1375 756 1402 quam
787 1375 866 1403 quae
888 1366 1104 1401 narrabantur,
1127 1366 1313 1395 accidissent
1335 1370 1504 1395 memoratu
1527 1366 1626 1402 digna.
1671 1367 1770 1402 Quare
1789 1374 1868 1402 quae
1889 1365 2071 1393 videbantur

209 1422 327 1457 deesse,
350 1423 557 1459 praebuerunt
579 1431 616 1452 ea
636 1423 828 1460 probabilem
851 1431 976 1452 causam
1000 1422 1136 1459 fingendi
1158 1431 1248 1458 nova,
1272 1423 1382 1460 quibus
1407 1423 1550 1452 continua
1573 1427 1603 1452 et
1625 1423 1715 1460 plena
1736 1423 1908 1451 efficeretur
1928 1420 2072 1450 narratio.

209 1481 281 1509 Nam
306 1480 331 1509 si
354 1481 490 1517 mythum
512 1490 660 1511 vocamus
681 1490 759 1516 eum,
784 1481 836 1518 qui
859 1481 888 1509 in
914 1488 967 1510 ore
992 1481 1087 1509 fertur
1110 1480 1258 1515 oninium,
1285 1490 1376 1518 quem
1397 1480 1570 1518 putabimus
1595 1481 1742 1517 populum
1765 1480 1904 1517 potu1sse
1928 1478 2072 1508 memoria

211 1539 470 1575 comprehendere
490 1542 604 1568 tantam
628 1539 786 1569 nominum
808 1539 945 1576 copiam,
976 1524 1091 1576 quanta
1114 1542 1162 1568 est
1183 1538 1212 1567 in
1235 1539 1418 1575 quibusdam
1441 1538 1541 1568 Iliadis
1565 1538 1702 1576 partibus
1721 1542 1750 1568 et
1777 1537 1963 1567 inveniretur
1989 1538 2070 1566 haud

211 1596 300 1625 dubie
322 1597 403 1633 apud
426 1597 561 1634 cyclicos
585 1606 725 1635 quoque,
748 1597 775 1627 si
797 1606 854 1627 eos
878 1598 1067 1633 legeremus,
1089 1605 1167 1632 quae
1187 1605 1281 1633 porro
1303 1605 1379 1632 gens
1402 1596 1523 1626 videtur
1545 1596 1688 1626 delectari
1712 1596 1850 1632 potuisse
1872 1595 1963 1625 toties
1985 1604 2072 1632 repe-

215 1654 271 1683 tilis
295 1653 522 1688 certaminibus,
548 1664 628 1692 quae
646 1655 717 1684 nihil
742 1655 892 1684 haberent
913 1653 1068 1690 singulare
1094 1657 1216 1690 praeter
1237 1654 1369 1683 nomen?
1412 1655 1474 1683 Nec
1496 1654 1636 1691 profecto
1660 1653 1730 1683 talia
1754 1661 1772 1682 a
1797 1653 1946 1690 principio
1968 1652 2073 1683 habuit

214 1713 396 1741 Graecorum
418 1711 457 1740 de
480 1711 570 1741 Troia
591 1716 767 1750 expugnata
790 1713 924 1749 mythus.
969 1711 1082 1741 Habuit
1104 1711 1333 1741 altercationem
1355 1711 1480 1741 Achillis
1514 1715 1544 1741 et
1566 1711 1819 1748 Agamemnonis,
1853 1711 1956 1740 habuit
1978 1719 2072 1748 porro

214 1768 544 1804 praestantissimorum
573 1770 685 1798 ducum
704 1770 820 1805 aliquot
840 1769 1013 1803 ,certamina
1041 1777 1102 1797 non
1133 1777 1169 1797 ea
1191 1771 1284 1797 multa
1310 1769 1365 1797 sed
1395 1768 1538 1804 insignia,
1570 1772 1652 1796 certe
1677 1777 1737 1796 non
1766 1769 1874 1804 longas
1903 1776 2073 1804 pugnarum

214 1826 429 1856 enarrationes.
473 1827 566 1856 Multa
589 1836 649 1857 non
672 1831 733 1857 tam
761 1827 996 1865 exponebantur
1019 1835 1111 1864 quam
1136 1825 1394 1864 significabantur.
1438 1826 1477 1856 Ut
1498 1825 1591 1855 urbes
1613 1829 1694 1855 terra
1721 1825 1857 1863 marique
1881 1828 2073 1863 expugnatae

216 1886 252 1913 ab
274 1885 404 1918 Achille,
433 1885 595 1913 duodecim
621 1885 708 1919 mari,
732 1885 874 1914 undecim
896 1890 991 1920 terra,
1013 1893 1142 1921 quarum
1165 1885 1253 1913 Troia
1273 1885 1339 1920 ipsa
1360 1885 1415 1913 suit
1434 1883 1631 1927 duodecima,
1654 1888 1686 1912 ut
1708 1883 1788 1912 idem
1813 1888 1897 1912 esset
1918 1891 2072 1912 numerus.

218 1942 321 1979 Quoad
345 1942 419 1971 haec
444 1950 497 1972 ore
519 1942 602 1980 vulgi
625 1942 810 1978 serebantur,
834 1950 924 1972 nemo
948 1942 1045 1972 sensit
1067 1951 1104 1972 ea
1125 1942 1270 1980 pauciora
1292 1950 1361 1972 esse
1385 1950 1473 1979 quam
1492 1950 1548 1979 pro
1568 1949 1695 1971 numero
1717 1949 1876 1970 annorum.
1919 1940 1975 1970 Ubi
1998 1948 2073 1970 vero

219 2001 311 2029 semel
336 1999 450 2028 initium
479 2001 590 2029 factum
620 2004 669 2030 est
698 2000 831 2029 carmine
855 2009 892 2029 ea
911 2001 1089 2036 enarrandi,
1120 2008 1189 2030 cum
1217 2000 1432 2037 intelligeretur
1454 2000 1546 2029 multa
1570 2000 1681 2028 deesse
1701 1999 1740 2027 ad
1761 1999 1944 2035 explendum
1965 1999 2072 2028 decem

220 2065 365 2085 annorum
385 2057 524 2093 spatium,
548 2063 659 2095 poetae
680 2057 810 2095 prImum
834 2067 870 2087 ea
892 2059 1028 2095 arripere
1043 2061 1221 2094 coeperunt,
1246 2067 1323 2094 quae
1345 2058 1373 2086 in
1396 2057 1503 2087 fabulis
1525 2057 1659 2086 breviter
1681 2055 1810 2085 indicata
1831 2061 1926 2091 erant,
1944 2060 2006 2085 tum
2027 2056 2073 2086 his

221 2123 341 2152 quoque
365 2116 519 2154 occupatis
544 2125 581 2146 eo
604 2115 695 2146 delati
717 2119 802 2153 sunt,
826 2120 858 2146 ut
878 2124 959 2146 nova
981 2116 1021 2145 ad
1043 2115 1199 2146 arbitrium
1218 2116 1375 2153 fingerent.
1420 2116 1486 2145 Huc
1511 2115 1610 2145 refero
1635 2122 1686 2151 ea,
1711 2122 1790 2151 quae
1813 2114 1850 2144 de
1872 2113 2072 2150 Penthesilea,

221 2173 260 2202 de
282 2173 440 2203 Memnone
449 2174 477 2209 *)
497 2179 670 2205 narrantur:
694 2184 774 2212 quae
792 2175 874 2205 haud
893 2175 958 2204 scio
978 2183 1016 2204 an
1034 2184 1124 2204 nemo
1148 2183 1205 2212 pro
1225 2173 1305 2203 veris
1329 2173 1368 2203 sit
1389 2173 1557 2203 habiturus.
1601 2172 1686 2202 Multi
1707 2172 1787 2202 enim
1809 2181 1826 2202 e
1845 2172 1974 2203 ducibus
1997 2171 2074 2202 ceci-

221 2231 328 2259 derant
349 2230 377 2259 in
405 2232 529 2267 pugnis:
557 2233 595 2262 de
620 2234 771 2263 Thracum
793 2233 923 2263 ducibus
946 2233 1016 2262 vide
1043 2235 1074 2262 A
1096 2232 1168 2261 525.
1191 2233 1216 2261 Z
1238 2233 1267 2260 7.
1312 2232 1416 2268 Itaque
1436 2236 1469 2261 ut
1491 2231 1567 2261 aliae
1590 2239 1711 2268 pugnae
1733 2239 1805 2260 esse
1827 2235 1972 2268 possent,
2002 2230 2074 2260 novi

220 2291 308 2317 erant
330 2286 509 2317 inveniendi.

326 2346 408 2381 Quae
431 2346 561 2376 inventio
585 2350 722 2384 profecto
743 2358 805 2378 non
827 2348 960 2385 pertinet
983 2349 1023 2377 ad
1044 2348 1224 2382 universos,
1248 2347 1299 2384 qui
1321 2355 1476 2384 nunquam
1497 2350 1663 2376 senserunt
1688 2355 1774 2383 esse,
1794 2355 1848 2376 cur
1870 2347 1958 2383 plura
1981 2346 2075 2383 finge-

219 2408 334 2438 rentur,
358 2403 415 2433 sed
440 2404 538 2440 potius
560 2406 598 2434 ad
620 2406 774 2444 singulos,
798 2407 866 2436 dico
889 2415 945 2436 eos
968 2410 1093 2444 poetas,
1120 2406 1170 2443 qui
1192 2410 1264 2443 post
1286 2406 1450 2435 Homerum
1474 2412 1524 2434 res
1545 2404 1760 2435 belliâ€˜Troiani
1782 2403 1964 2434 carminibus
1988 2412 2074 2433 enar-

216 2465 376 2492 raverunt.
422 2461 580 2492 Desierunt
601 2463 690 2499 igitur
713 2464 876 2501 aliquando
907 2465 974 2494 illae
998 2466 1118 2494 fabulae
1144 2464 1237 2493 libere
1258 2463 1361 2500 vagari
1391 2462 1420 2491 in
1450 2471 1505 2491 ore
1528 2463 1662 2492 omnium
1684 2466 1716 2491 et
1741 2462 1926 2492 transierunt
1945 2462 1974 2491 in
1998 2461 2076 2491 arbi-

385 2602 410 2632 â¸)
430 2602 572 2626 Memnonis
590 2610 687 2632 quoque
706 2609 893 2628 monumentum
913 2612 992 2637 prope
1010 2605 1112 2629 Troiam
1131 2603 1317 2632 ostendebatur,
1338 2603 1393 2626 Aet.
1413 2602 1440 2628 h.
1459 2610 1484 2628 a.
1503 2603 1528 2632 5,
1551 2602 1573 2626 1.
1594 2602 1645 2626 Str.
1665 2602 1734 2631 XIII,
1752 2602 1795 2627 89.
1824 2603 1845 2625 Î‘
1863 2603 1924 2630 878.
1944 2608 1968 2627 et
1986 2602 2075 2634 appel-

226 2641 316 2669 labatur
334 2646 359 2669 in
380 2653 409 2670 ea
426 2645 534 2677 regione
553 2644 690 2669 Memnonis
709 2647 793 2670 vicus:
809 2648 854 2671 sed
872 2647 933 2672 haec
953 2647 1030 2672 dubia
1044 2653 1114 2672 suut:
1135 2647 1181 2671 fuit
1200 2646 1266 2670 enim
1285 2645 1424 2670 Memnonis
1443 2644 1586 2676 sepulcrum
1603 2645 1628 2668 in
1645 2644 1726 2678 Syria,
1744 2644 1793 2669 Str.
1811 2644 1867 2675 XV,
1885 2645 1945 2673 317.
1966 2646 1986 2669 Î‘
1999 2644 2075 2671 1058.
