2304 2831
412 2 415 5 ,
440 0 480 55 ,Χ

73 83 76 87 ,
93 69 134 91 ἥὲ”“

45 140 50 149 ί,
80 102 83 103 ’
94 65 190 163 ss
227 108 373 139 humana:
402 107 490 139 alteri
509 108 729 146 propensiores
754 109 793 139 ad
818 109 1005 146 imitandum,
1028 110 1190 140 multorum
1213 113 1296 140 certe
1323 107 1511 139 carminibus
1533 107 1621 139 lectis
1641 111 1674 139 et
1693 106 1891 146 comparatis,
1918 124 1921 132 »

229 170 317 206 cepta
343 169 515 204 sequuntur
543 174 582 197 ex
610 166 668 197 illis
694 162 888 205 desumpta,'
906 167 994 198 facile
1020 175 1092 198 sese
1119 168 1353 199 accommodant
1378 167 1418 197 ad
1439 165 1697 205 praestantissimi
1721 164 1880 204 euiflsque-
1910 158 2004 191 ’νίζ”
2034 206 2037 208 q

228 226 287 255 Ars
306 224 386 254 enim
408 233 471 254 non
491 227 638 254 tractatur
657 224 716 254 nisi
736 225 825 255 simul
844 234 864 255 a
883 225 995 261 multis,
1015 225 1095 255 inter
1114 234 1195 262 quos
1210 225 1261 262 qui
1281 225 1412 255 maxime
1432 226 1588 255 excellunt
1608 227 1732 254 ceteros
1746 224 1788 254 ad
1805 226 1897 254 suum
1911 231 1965 254 ex
1980 240 2014 249 ιι
2108 262 2112 265 χ

227 282 359 312 trahunt.
404 281 492 318 Quod
512 288 581 310 cum
603 281 726 319 saepius
748 282 831 320 apud
848 282 952 313 varios
973 281 1230 320 populos-fieret,
1259 285 1419 320 poetarum
1442 282 1567 312 scholas
1587 280 1778 315 recentiores
1801 281 2047 320 appellaverunt.
2075 280 2080 299 ³
2124 270 2137 281 ²

330 340 397 369 Non
420 338 530 376 ignoro
549 347 593 375 ea,
617 348 697 377 quae
715 341 852 371 secundo
875 342 944 371 loco
966 341 1067 379 posui,
1088 341 1172 379 apud
1192 341 1359 371 Homerum
1377 349 1439 371 non
1461 349 1534 373 esse
1554 340 1698 371 absoluta
1719 347 1778 370 nec
1799 339 1841 369 ad
1862 338 1955 370 finan
1973 339 2086 378 perdo·

229 402 293 428 cta:
321 397 464 426 inchoata
492 400 606 427 tantum
629 397 765 428 dixerim.
819 399 893 429 Nam
916 403 951 429 ut
977 398 1049 428 nihil
1073 402 1120 429 est
1142 398 1172 428 in
1199 402 1308 429 natura
1335 406 1454 433 rerum,
1485 399 1569 436 quod
1593 405 1630 428 se
1656 397 1838 428 universum
1864 397 2034 435 profundat
2054 401 2087 428 et

230 455 314 493 quod
333 457 431 485 totum
451 458 578 492 repente
606 457 724 493 evolet,
745 456 791 487 sic
813 457 889 487 haec
910 465 1035 495 quoque
1056 456 1220 487 lenioribus
1239 456 1395 499 principiis
1416 460 1523 487 natura
1543 456 1611 494 ipsa
1632 455 1816 494 praetexuit.
1860 455 1981 487 Nostris
2003 455 2084 487 enim

228 513 329 551 poetis
351 512 378 543 si
405 513 535 543 mediam
561 501 661 544 Iliadis
682 519 801 552 partem
820 515 1062 554 comparaveris,
1092 515 1186 552 priori
1207 516 1312 552 generi
1333 519 1495 553 poetarum
1525 523 1593 544 eam
1620 514 1754 544 tribues:
1783 514 1832 545 sin
1860 515 1992 546 eandem
2014 522 2084 546 cnm

230 570 438 608 superioribus
458 571 552 607 libris,
576 576 658 601 certe
680 572 775 602 alteri.
818 574 883 603 Non
906 573 985 602 enim
1006 573 1083 602 haec
1105 572 1273 610 elegantius
1295 573 1483 610 suaviusque
1507 571 1588 602 dicta
1609 580 1681 602 esse
1703 572 1888 609 putaverim,
1910 572 1962 603 illa
1983 571 2084 604 minus

229 633 315 666 apte,
345 638 445 666 neque
470 629 674 666 magnitudine
696 635 788 667 atque
811 631 898 668 quasi
921 631 1066 668 gradibus
1088 639 1125 660 ea
1142 630 1280 667 differre,
1303 632 1359 661 sed
1378 632 1446 668 ipso
1465 639 1588 668 genere.
1633 631 1711 667 Quid
1734 630 1814 661 enim
1835 631 1977 668 gravius,
2007 630 2082 668 quid

227 690 331 724 potest
352 686 496 717 maiorem
522 687 583 717 vim
605 687 732 723 habere,
757 696 847 726 quam
870 697 961 719 unum
984 687 1057 718 illud
1079 688 1118 718 de
1141 696 1202 725 quo
1224 687 1300 724 dixi,
1329 688 1377 718 hic
1399 696 1472 718 vera
1493 687 1622 725 narrari,
1648 688 1708 719 illic
1729 691 1836 727 aperte
1857 688 1956 719 salsa?
1999 688 2083 729 Quae

226 749 320 782 poeta
340 753 406 774 cum
429 745 557 781 fingeret
578 745 615 773 ad
636 746 762 775 aliorum
792 747 964 784 exemplum
990 750 1021 775 et
1047 746 1134 783 quasi
1155 754 1291 775 normam
1312 747 1550 782 accommodata,
1574 756 1646 776 num
1669 747 1741 784 quid
1762 746 1844 776 aliud
1867 746 1925 776 nisi
1947 740 2080 776 imitatus

229 807 276 832 est
297 811 366 838 eos,
390 802 441 839 qui
462 806 532 831 ante
553 811 621 832 eum
643 804 776 840 fuerant,
796 805 926 841 poetas?
970 803 1060 833 Cuius
1083 802 1257 832 imitationis
1277 803 1306 832 in
1328 803 1456 833 minimis
1480 813 1603 841 quoque
1624 805 1732 840 rebus,
1754 804 1780 834 si
1798 803 1917 840 singula
1939 812 2096 847 perscruj
2112 785 2304 851 j

229 860 312 897 teris,
334 859 528 891 inveniuntur
547 860 684 898 vestigia.
729 861 790 891 Sed
808 861 839 891 id
860 862 921 891 late
942 864 1026 900 patet
1045 868 1146 899 neque
1163 860 1212 890 hic
1233 860 1360 899 transigi
1379 864 1492 899 potest.
2051 846 2089 856 μ

332 920 431 954 Quare
456 918 504 946 hic
531 919 622 947 finem
643 919 749 948 faciam
772 919 985 956 disputationis
1008 927 1104 948 meae.
1148 920 1192 948 Ita
1216 919 1295 948 enim
1316 920 1482 955 comparati
1502 927 1607 948 sumus
1630 927 1649 948 a
1669 924 1791 955 natura,
1813 924 1847 949 ut
1868 920 1987 949 etiamsi
2008 920 2081 950 insit

228 975 257 1005 in
280 974 386 1007 animis
410 974 523 1006 nostris
543 976 592 1005 vel
614 975 743 1007 maxima
765 976 914 1015 cupiditas
943 975 1008 1006 veri
1035 975 1238 1014 investigandi
1260 975 1407 1014 facileque
1429 984 1487 1007 nos
1508 975 1600 1007 ducat
1620 976 1659 1007 ad
1679 985 1818 1009 summos
1836 978 1960 1009 labores
1981 977 2078 1009 susei-

228 1034 374 1071 piendos,
401 1035 489 1063 detur
506 1038 607 1064 tamen
630 1034 719 1064 etiam
741 1035 849 1073 aliquis
875 1035 1046 1065 remissioni
1067 1036 1163 1065 locus.
1206 1036 1292 1081 Nunc
1314 1042 1387 1063 vero
1413 1038 1443 1063 et
1466 1034 1532 1064 dies
1559 1039 1591 1065 et
1615 1037 1702 1066 locus
1723 1040 1857 1066 avocant
1882 1036 2016 1067 animum
2037 1037 2077 1066 ab

1135 18 1173 48 15

227 1092 285 1122 hac
306 1091 468 1122 severitate
490 1091 645 1122 doctrinae
669 1093 874 1130 suadentque,
903 1096 937 1123 ut
956 1092 1003 1123 his
1026 1092 1106 1123 curis
1136 1092 1306 1129 studiisque
1330 1092 1451 1122 omissis
1481 1093 1634 1130 praesenti
1664 1094 1800 1123 fruamur
1827 1094 1949 1124 laetitia.
2001 1094 2078 1125 Cum

229 1149 308 1178 enim
329 1157 451 1186 semper
472 1158 530 1179 nos
553 1150 660 1178 deceat
685 1150 785 1179 animo
807 1154 894 1187 grato
917 1159 953 1179 ac
975 1150 1026 1187 pio
1049 1150 1225 1180 memoriam
1246 1154 1385 1187 repetere
1407 1158 1514 1179 eorum
1540 1151 1710 1186 hominum,
1738 1150 1791 1187 qui
1807 1151 1980 1187 praeteritis
2001 1156 2078 1182 tem-

227 1206 354 1245 poribus
380 1216 441 1237 non
470 1208 569 1237 solum
594 1206 653 1244 ipsi
678 1207 757 1236 inter
783 1209 928 1245 aequales
955 1207 1091 1245 insignes
1118 1208 1243 1243 fuerint,
1273 1208 1329 1237 sed
1351 1207 1439 1237 etiam
1468 1207 1586 1238 virtutis
1609 1216 1685 1238 suae
1709 1212 1771 1238 tam
1793 1210 1953 1246 praeclara
1971 1217 2078 1240 monu-

228 1269 330 1296 menta
353 1265 514 1302 ediderint,
536 1268 570 1295 ut
591 1264 621 1294 in
644 1273 733 1295 omne
755 1266 888 1296 futurum
909 1269 1029 1303 tempus
1051 1266 1166 1297 fructus
1187 1265 1318 1304 optimos
1341 1274 1377 1296 ac
1399 1265 1614 1296 saluberrimos
1633 1266 1752 1304 posteri
1772 1266 1844 1296 inde
1865 1274 1979 1305 capere
2000 1275 2075 1305 pos-

229 1327 311 1353 sent:
335 1326 416 1352 certe
437 1322 485 1351 hic
506 1322 573 1359 ipse
594 1323 680 1351 locus
704 1331 761 1351 nos
791 1323 965 1352 admonebit
992 1322 1103 1354 llenrlci
1122 1333 1139 1354 ι
1160 1323 1328 1360 Wstrleben,
1357 1323 1672 1353 Wendelsteiniensis.
1717 1323 1810 1353 Cuius
1832 1323 1862 1352 in
1886 1333 1945 1354 nos
1969 1325 2077 1355 merita

229 1381 254 1412 si
275 1389 393 1411 mecum
415 1380 514 1411 animo
535 1384 654 1418 reputo,
674 1388 785 1410 vereor
806 1388 845 1410 ne
865 1389 926 1411 non
949 1380 1067 1418 possim
1088 1380 1176 1411 iustis
1198 1372 1266 1411 eum
1287 1380 1426 1411 laudibus
1446 1389 1564 1412 ornare.
1609 1381 1684 1412 Cum
1703 1381 1784 1412 enim
1805 1381 2009 1413 intellexisset
2029 1382 2077 1413 vir

227 1440 403 1476 praeclarus
425 1439 464 1467 ad
484 1442 567 1467 recte
589 1438 779 1475 honesteque
800 1438 922 1467 vivendi
943 1439 1090 1468 rationem
1125 1439 1195 1468 nihil
1224 1439 1344 1476 optimis
1370 1439 1464 1469 literis
1486 1439 1723 1476 magis-valere,
1752 1448 1845 1477 quarn
1865 1441 1965 1477 potuit
1983 1441 2077 1470 maxi-

228 1504 276 1525 me
300 1504 423 1534 operam
447 1495 542 1532 dedit,
566 1499 600 1526 ut
621 1504 724 1525 earum
746 1494 847 1533 studia
866 1495 989 1525 iuvaret·
1005 1499 1098 1533 atque
1120 1497 1222 1525 aleret.
1265 1496 1356 1526 Cuius
1379 1497 1422 1526 rei
1445 1505 1518 1527 cura
1540 1505 1578 1526 ne
1598 1496 1676 1527 inter
1691 1497 1797 1527 turbas
1813 1496 1938 1535 quidem
1959 1487 2075 1535 civiles,

227 1558 290 1583 tum
312 1553 458 1591 temporis
479 1554 536 1582 hac
558 1553 588 1582 in
608 1557 694 1590 parte
716 1553 892 1582 Germaniae
912 1557 1050 1588 exortas,
1071 1553 1198 1588 omissa,
1221 1553 1330 1591 insigni
1350 1555 1529 1584 liberalitate
1542 1562 1587 1588 vac
1608 1555 1816 1584 munificentia
1834 1556 1916 1585 hanc
1937 1556 2075 1586 scholam

228 1611 397 1647 dedicavit,
426 1611 530 1641 sedem
552 1611 707 1641 Musarum
728 1611 937 1648 bonarumque
958 1610 1075 1640 artium.
1118 1611 1257 1641 Profecto
1279 1612 1339 1642 hac
1363 1612 1412 1642 ille
1435 1616 1503 1642 arte
1523 1610 1637 1642 Em‘sm
1652 1621 1746 1643 arces
1767 1613 1868 1652 attigit
1881 1613 1990 1652 ionem
2011 1621 2075 1644 mo-

228 1673 464 1706 numentumque
485 1668 542 1698 sibi
562 1668 629 1706 ipse
648 1668 797 1699 exstruxit
815 1677 885 1699 aere
905 1668 1079 1706 perennius.
1123 1670 1224 1706 Atque
1238 1671 1411 1707 exemplum
1432 1669 1562 1700 hominis
1581 1670 1733 1708 praeclari
1750 1669 1856 1701 imitati
1871 1674 1944 1701 sunt
1964 1670 2075 1701 summi

227 1728 268 1757 illi
289 1727 359 1764 viri,
378 1727 429 1764 qui
450 1727 488 1756 ab
511 1726 574 1757 eius
597 1726 692 1764 stirpe
717 1726 774 1756 orti
795 1727 872 1756 hanc
894 1726 1030 1756 scholam
1052 1734 1120 1756 cum
1135 1727 1265 1757 maxima
1286 1728 1375 1757 laude
1397 1736 1500 1765 usque
1520 1728 1559 1757 ad
1580 1724 1719 1758 nostrum
1738 1732 1860 1767 tempus
1882 1728 2075 1759 administra·
2101 1739 2107 1749 ·

201 1803 203 1805 >
226 1790 345 1816 verunt.
387 1786 433 1814 Ex
461 1784 569 1822 quibus
596 1785 675 1814 duos
696 1788 811 1814 tantum
832 1784 903 1814 mihi
924 1792 1162 1814 commemorare
1181 1785 1285 1814 liceat:
1314 1787 1441 1815 alterurn
1470 1785 1616 1826 Georgi·-
1642 1785 1840 1818 lim-nn-
1863 1797 1881 1818 ι
1907 1785 2074 1825 wissam,
2122 1828 2124 1830 Ι

228 1843 313 1874 cuius
341 1842 523 1880 singularem
550 1841 708 1879 pietatem,
737 1840 894 1877 iustitiam,
912 1841 1131 1879 prudentiam,
1160 1850 1228 1872 cum
1255 1842 1303 1872 hic
1325 1851 1532 1878 versaremur,
1563 1842 1623 1881 ipsi
1647 1847 1830 1881 praesentes
1857 1843 2072 1882 cognovimus,

226 1906 355 1930 mortem
375 1908 448 1929 vero
472 1909 590 1929 summo
613 1908 681 1929 cum
702 1901 785 1929 luctu
808 1899 992 1929 audivimus:
1021 1900 1149 1929 alterum
1169 1899 1364 1931 nari-nn·-
1384 1901 1542 1938 Erns-u,
1569 1910 1661 1938 quem
1681 1907 1811 1939 accepta
1832 1910 1850 1931 a
1868 1902 2009 1939 patribus
2025 1911 2074 1933 sa—

225 1958 339 1998 pientia
360 1957 429 1987 huic
456 1957 581 1987 scholae
603 1958 762 1987 consulere
784 1957 962 1995 gaudemus.
1006 1956 1119 1986 Talium
1147 1957 1279 1987 virorum
1299 1957 1408 1987 eximia
1427 1967 1500 1988 cura
1521 1958 1637 1995 effecit,
1664 1963 1698 1989 ut
1718 1967 1775 1997 per
1793 1963 1950 1990 trecentos
1973 1968 2074 1990 annos

225 2024 324 2054 usque
352 2016 391 2045 ad
421 2019 557 2045 nostram
585 2018 713 2045 aetatem
741 2022 759 2044 e
786 2014 878 2044 variis
901 2013 1079 2044 Germaniae
1098 2014 1233 2052 partibus
1261 2015 1474 2046 adolescentes
1503 2016 1563 2046 huc
1591 2016 1805 2052 convenirent,
1836 2021 1929 2054 atque
1956 2016 1987 2047 in
2014 2018 2074 2048 hac

227 2075 333 2105 schola
352 2072 458 2103 studiis
485 2081 609 2110 operam
637 2073 743 2103 darent
768 2072 1036 2110 imbuerenturque
1062 2072 1242 2110 optimarum
1264 2072 1416 2103 literarum
1441 2073 1627 2111 cognitione.
1671 2074 1705 2104 Id
1731 2074 1812 2104 enim
1839 2075 1955 2105 habent
1980 2083 2073 2113 pecu-

226 2132 300 2161 liare
326 2135 358 2161 et
383 2130 431 2160 sui
458 2131 546 2167 quasi
573 2131 728 2168 proprium
753 2130 900 2167 pueritiae
917 2129 1203 2167 adolescentiaeque
1223 2130 1303 2167 anni,
1329 2135 1363 2160 ut
1390 2131 1488 2168 parati
1519 2131 1580 2161 sint
1607 2132 1647 2161 ad
1675 2140 1783 2161 omnes
1819 2132 1898 2162 vitae
1922 2133 2073 2163 honestae

226 2191 342 2221 fructus
370 2196 478 2219 secure
503 2188 717 2226 percipiendos
743 2188 892 2226 facileque
920 2197 954 2218 se
982 2188 1149 2226 praebeant
1168 2189 1208 2218 ad
1232 2189 1436 2227 pulcherrima
1454 2197 1595 2228 quaeque
1620 2190 1776 2220 tentanda.
1819 2191 1883 2221 Nos
1905 2199 1981 2222 vero
2004 2199 2073 2221 cum

226 2256 293 2279 eam
315 2250 443 2277 aetatem
465 2255 641 2284 ageremus,
662 2250 695 2276 ut
716 2250 798 2276 recte
816 2246 939 2277 vivendi
959 2246 1131 2284 praeceptis
1153 2247 1357 2286 institutisque
1376 2249 1611 2284 abundaremus,
1631 2252 1661 2278 et
1683 2257 1791 2279 eorum
1812 2249 1948 2280 virorum
1970 2253 2072 2280 aucto-

225 2307 300 2337 ritas
325 2305 442 2342 effecit‚
472 2305 524 2342 qui
549 2304 617 2335 huic
639 2304 706 2335 sedi
735 2305 883 2335 bonarum
906 2304 1014 2335 artium
1040 2310 1201 2342 praesunt,
1230 2310 1262 2336 et
1287 2308 1487 2338 communitas
1509 2307 1705 2344 societasque
1731 2316 1802 2337 cum
1823 2307 1990 2352 vitae-tum
2009 2312 2071 2338 stu·

225 2364 354 2394 diorum.
399 2363 530 2400 Quarum
550 2364 643 2393 altera
660 2361 740 2391 viam
756 2362 874 2400 aperuit
896 2363 936 2392 ad
954 2362 1043 2392 beate
1067 2363 1257 2400 honesteque
1276 2364 1453 2401 vivendum,
1482 2366 1578 2395 altera
1590 2365 1841 2396 adolescentium
1868 2365 1985 2396 animos
2006 2372 2066 2394 mu-

225 2427 279 2453 tuo
308 2429 413 2452 amore
440 2421 547 2452 imbuit
565 2421 711 2459 duxitque
729 2421 769 2450 ad
791 2421 963 2457 caritatem,
986 2429 1065 2459 quae
1086 2421 1211 2452 immota
1237 2428 1375 2453 maneret
1403 2425 1442 2453 ad
1470 2433 1577 2455 omnes
1604 2424 1684 2454 vitae
1711 2432 1814 2454 casus.
1857 2424 1935 2454 Hinc
1955 2420 2066 2453 exstitit

225 2480 299 2510 illud
319 2478 488 2510 communis
511 2479 659 2510 amicitiae
680 2479 848 2515 vinculum,
877 2479 961 2516 quod
983 2479 1071 2509 etiam
1098 2479 1253 2510 seiunctos
1280 2481 1433 2519 longeque
1462 2485 1597 2512 remotos
1624 2481 1667 2511 ita
1689 2481 1901 2520 coniungeret,
1920 2483 1952 2509 ut
1971 2485 2066 2516 saepe

227 2539 266 2569 ad
288 2537 580 2568 commendationem
601 2547 693 2568 unum
713 2537 784 2567 illud
807 2537 974 2568 sufficeret:
1002 2537 1070 2568 Fuit
1090 2537 1139 2568 hic
1162 2547 1286 2576 quoque
1306 2539 1512 2570 Rhodosciae.
1556 2540 1651 2570 Laeto
1670 2539 1762 2578 igitur
1782 2540 1879 2570 animo
1899 2537 1958 2566 huc
1976 2535 2067 2566 redii—

226 2605 310 2633 mus,
332 2600 366 2627 ut
385 2596 561 2627 memoriam
583 2600 790 2634 repeteremus
811 2596 1035 2636 adolescentiae
1056 2598 1134 2627 laete
1157 2601 1300 2635 peractae
1321 2598 1552 2636 fruereniurque
1573 2598 1741 2630 amicorum
1762 2595 1983 2628 carissimorum
2004 2589 2067 2626 ιώ-
