2368 2864
1140 26 1177 56 14

182 107 196 114 ”
221 121 384 158 mrem.
429 117 512 147 Idem
534 116 615 146 valet
635 115 673 145 de
697 114 858 152 legatione,
881 122 1067 152 quamquam
1093 115 1132 145 de
1153 115 1211 145 hac
1235 115 1301 146 scio
1324 123 1405 152 esse,
1430 115 1482 153 qui
1503 115 1592 146 aliter
1612 117 1755 148 8811ΰᾶῠί
1799 119 1844 149 ΝΘ
1862 118 1945 150 scuti
1962 118 2087 157 quidem

222 175 390 214 descriptio
412 172 604 205 necessaria:
639 172 697 203 etsi
721 176 769 202 est
790 172 1011 210 pulcherrima:
1046 180 1142 210 quare
1166 176 1287 203 veteres
1310 180 1436 210 quoque
1458 181 1527 203 eam
1547 173 1667 211 virgula
1687 179 1881 207 notaverunt.
1924 170 2009 207 Haec
2028 178 2086 208 tria

208 240 262 264 veo
285 235 408 273 demum
429 236 567 269 tempore
595 232 654 259 huc
682 230 762 259 illata
784 238 856 259 esse
875 230 985 265 credo,
1015 238 1078 267 quo
1103 239 1120 259 c
1149 238 1259 267 mag-na
1280 230 1372 267 copia
1392 231 1560 260 carminum
1579 240 1616 261 ea
1639 232 1740 270 colligi
1761 237 1874 270 coepta
1895 239 1984 269 sunt,
2005 243 2084 270 quae
2135 247 2139 251 -

221 291 251 322 in
272 299 367 322 unum
388 291 448 320 hoc
467 296 580 325 corpus
598 286 740 324 coniungi
761 290 902 324 possent,
925 287 1011 325 quod
1034 290 1163 318 vocatur
1183 287 1264 318 ilias.
1308 287 1378 317 Alia
1398 295 1524 325 quoque
1547 287 1682 318 carmina
1703 289 1801 320 fuisse
1822 298 1884 320 non
1900 290 2085 327 negaverim,

222 358 301 387 quae
323 349 508 386 pertinerent
529 347 568 376 ad
590 346 702 376 bellum
721 345 896 376 Troianum.
940 345 1003 376 Sed
1025 354 1063 376 ea
1085 346 1271 383 interierunt,
1294 346 1366 385 quia
1386 355 1448 377 non
1471 349 1533 376 tam
1555 345 1643 376 facile
1665 337 1885 386 huic'corpori
1905 349 1979 379 addi
2001 353 2085 387 pote-

221 409 298 438 rant.
343 407 406 437 Sed
422 407 496 435 haec
516 403 637 441 longius
661 403 808 440 persequi
829 411 892 433 non
914 412 1054 442 possum.
1099 405 1143 434 Ea
1164 413 1306 442 quoque,
1329 412 1408 442 quae
1430 404 1524 434 modo
1547 403 1625 440 dixi,
1648 404 1700 434 diu
1723 404 1859 435 dubitavi
1879 415 1952 436 num
1970 408 2084 444 proser-

222 474 300 502 rem,
324 466 380 496 sed
402 472 461 494 non
484 461 569 500 potui
590 461 677 490 aliter
695 461 851 499 explicare
872 470 952 500 quae
975 462 1045 492 mihi
1065 463 1220 493 videretur
1243 463 1319 493 ratio
1342 462 1473 499 illorum,
1497 470 1576 500 quae
1598 462 1724 500 propria
1743 466 1818 492 sunt
1838 463 1927 495 huius
1948 465 2084 503 disputa-

223 524 323 554 tionis.
367 523 416 552 Ad
435 522 509 550 haec
527 520 586 549 iam
609 520 715 550 redeo.
760 521 875 558 Nempe
898 521 937 549 ad
955 521 1031 551 muri
1055 521 1314 559 oppugnationem
1335 525 1366 551 et
1386 529 1437 550 res
1459 521 1660 558 Sarpedonis.

322 580 486 609 Videamus
509 577 561 615 qui
582 577 660 607 haec
680 577 836 615 exposuit,
859 578 957 616 qualis
979 579 1068 608 suerit
1089 583 1192 617 poeta.
1237 580 1324 609 Certe
1346 586 1408 608 non
1427 578 1516 614 idem,
1541 578 1593 616 qui
1613 578 1733 616 priores
1756 579 1850 609 libros
1873 579 2006 616 scripsit.
2050 580 2084 610 ld

221 639 301 669 enim
321 638 461 667 effectum
490 641 563 673 puto
584 637 642 665 hac
665 644 733 665 mea
755 637 870 672 duplici
892 637 1171 674 argumentatione,
1194 642 1227 667 ut
1246 647 1306 667 non
1328 638 1366 666 ab
1388 646 1450 667 uno
1473 638 1616 667 universa
1638 637 1707 667 Ilias
1732 638 1904 675 composita
1924 638 1972 667 sit.
2017 638 2082 667 Non

221 697 269 727 hic
291 695 402 726 curabo
424 698 499 732 quot
518 693 629 724 suerint
650 696 777 731 poetae:
800 702 839 724 ne
859 694 962 725 omnia
987 694 1076 725 simul
1093 703 1185 732 agere
1211 695 1326 726 videar.
1374 695 1490 725 Ponam
1512 694 1592 725 duos
1615 695 1721 726 fuisse.
1767 695 1862 726 Alteri
1877 695 2007 726 tribuam
2027 702 2083 725 eos

222 756 325 789 libros,
347 752 398 790 qui
420 756 592 790 sequuntur
614 752 848 783 duodecimum:
873 754 958 783 alteri
976 753 1155 791 superiores
1177 762 1277 791 usque
1299 754 1338 783 ad
1361 757 1502 783 octavum
1521 754 1594 783 sere.
1638 754 1703 784 Hos
1723 754 1919 792 comparabo.

322 813 406 841 Alter
427 815 569 840 versatur
586 810 616 839 in
639 811 749 841 fabulis
772 811 908 841 omnium
930 819 1074 841 sermone
1096 811 1190 846 tritis,
1213 812 1323 848 quibus
1347 820 1426 848 quae
1448 819 1498 841 res
1521 809 1740 849 antiquissimis
1759 812 1949 850 temporibus
1976 816 2082 848 gestae

220 875 323 902 essent
350 869 388 899 ad
416 867 574 898 veritatem
602 869 720 899 narrari
743 873 774 900 et
793 869 861 908 ipse
884 873 976 908 poeta
996 870 1142 900 credebat
1161 869 1275 910 eteius
1298 870 1474 908 populares.
1519 871 1606 901 Alter
1634 878 1701 901 cum
1724 870 1763 901 ad
1785 878 1907 907 eorum,
1931 877 2010 908 quae
2033 870 2082 899 ille

222 930 409 961 narraverat,
431 926 658 955 similitudinem
687 935 769 956 nova
788 927 943 962 finxisset,
964 928 1056 957 variis
1079 927 1214 957 artificiis
1242 929 1365 957 efficere
1388 932 1516 957 conatus
1544 932 1607 962 est,
1631 932 1664 957 ut
1688 936 1768 964 quae
1790 929 1883 957 sciret
1901 936 1973 957 esse
1996 929 2082 961 falsa,

221 986 418 1026 popularibus
445 993 520 1014 vera
547 993 619 1015 esse
649 985 861 1023 persuaderet.
913 985 994 1016 Dixit
1018 985 1110 1024 igitur
1136 985 1185 1017 ille
1207 995 1293 1023 vera,
1320 985 1368 1016 hic
1387 984 1539 1016 simulavit
1557 993 1592 1016 se
1615 985 1727 1017 dicere.
1772 986 1826 1016 llle
1848 984 1951 1016 verbis
1973 993 2083 1016 ornare

221 1049 347 1084 poterat,
370 1044 529 1073 immutare
552 1051 602 1073 res
624 1045 674 1073 vel
696 1044 841 1073 addendo
863 1045 913 1073 vel
934 1044 1087 1075 demendo
1110 1047 1159 1074 vel
1181 1045 1268 1075 aliter
1288 1045 1440 1074 narrando
1464 1053 1524 1074 non
1545 1050 1679 1082 poterat:
1702 1045 1833 1082 simplex
1851 1044 1930 1074 enirn
1953 1049 1983 1073 ct
2006 1052 2082 1074 sem-

220 1113 274 1142 per
295 1104 401 1133 eadem
421 1106 470 1132 est
491 1102 567 1132 ratio
591 1102 738 1137 veritatis,
760 1110 885 1140 semper
909 1102 968 1133 sibi
991 1107 1114 1133 constat
1134 1112 1191 1134 nec
1213 1104 1276 1133 vult
1298 1103 1447 1133 immutari
1469 1103 1505 1134 iis
1528 1104 1629 1139 rebus,
1653 1112 1730 1141 quas
1755 1111 1813 1133 nos
1836 1102 2083 1140 concupiscimus

220 1163 268 1190 vel
293 1160 490 1189 declinamus.
535 1160 602 1189 Non
631 1159 723 1196 igitur
744 1159 774 1188 id
797 1159 886 1195 dicit,
913 1160 999 1196 quod
1022 1160 1089 1197 ipse
1112 1161 1219 1190 sentit:
1247 1169 1304 1190 sua
1327 1161 1405 1189 celat
1425 1161 1496 1190 dum
1515 1161 1614 1190 aliena
1634 1162 1760 1198 profert.
1804 1162 1891 1189 Alter
1912 1168 1986 1189 vero
2010 1160 2083 1189 nihil

220 1220 309 1249 habet
331 1217 388 1248 nisi
408 1225 478 1247 sua:
502 1216 532 1246 in
556 1217 668 1255 quibus
691 1220 775 1247 certe
797 1221 954 1254 utcunque
975 1217 1087 1248 libebat
1109 1218 1227 1248 versari
1250 1222 1380 1255 poterat.
1426 1218 1508 1254 Quae
1531 1219 1612 1249 enim
1635 1219 1702 1258 ipse
1724 1219 1870 1256 fingeret,
1894 1225 2080 1255 quocunque

221 1278 342 1308 volebat
364 1277 454 1306 modo
477 1276 630 1306 narrabat.
675 1277 729 1305 llle
748 1284 811 1306 non
834 1280 896 1305 tam
919 1284 976 1306 sua
995 1276 1062 1306 vice
1085 1276 1222 1313 fungitur
1244 1284 1334 1313 quam
1350 1276 1555 1314 popularium:
1579 1278 1618 1307 ad
1633 1286 1739 1308 omnes
1761 1276 1840 1307 enim
1860 1276 1981 1313 pariter,
2004 1283 2083 1313 quae

223 1334 410 1372 exponebat,
435 1333 637 1371 pertinebant.
682 1333 821 1363 Debebat
853 1332 944 1370 igitur
965 1333 1001 1362 iis
1023 1333 1067 1363 uti
1096 1337 1239 1371 tanquam
1261 1333 1383 1370 alienis,
1415 1333 1456 1362 ita
1478 1338 1510 1363 ut
1537 1334 1588 1371 qui
1607 1343 1714 1364 eorum
1734 1337 1839 1364 essent
1863 1333 1950 1369 quasi
1970 1333 2083 1362 domini

221 1403 295 1428 eam,
317 1402 407 1430 quam
423 1396 614 1429 sequeretur,
637 1391 785 1422 rationem
809 1391 986 1428 probarent.
1032 1391 1088 1421 Hic
1108 1400 1293 1429 quamquam
1316 1391 1427 1428 multis,
1450 1395 1482 1422 ut
1496 1392 1714 1429 demonstravi,
1735 1392 1827 1422 rebus
1841 1391 2004 1429 impeditus
2027 1394 2083 1427 est,

221 1453 313 1480 multo
334 1455 433 1480 tamen
457 1450 581 1480 liberius
604 1458 657 1484 ea,
683 1457 763 1486 quae
786 1448 845 1485 ipsi
866 1450 1045 1486 placebant,
1075 1450 1164 1487 sequi
1184 1453 1316 1486 poterat,
1340 1450 1505 1479 dummodo
1529 1458 1580 1484 ea,
1603 1459 1683 1486 quae
1705 1450 1801 1487 ipsius
1823 1449 1947 1485 propria
1969 1453 2083 1484 essent,

222 1510 356 1538 efiiceret
377 1506 485 1538 similia
507 1516 628 1543 eorum,
659 1515 739 1544 quae
762 1506 897 1537 omnium
920 1511 1027 1537 essent
1049 1506 1232 1538 communia.
1276 1508 1328 1537 Ille
1344 1507 1415 1537 nihil
1436 1507 1517 1537 aliud
1535 1508 1659 1545 agebat,
1682 1507 1741 1537 nisi
1760 1511 1808 1542 ut,
1833 1514 1911 1545 quae
1932 1506 1962 1535 in
1984 1506 2082 1536 varias

222 1570 324 1604 partes
346 1565 500 1603 discerpta
528 1565 577 1595 hic
604 1564 664 1595 illic
687 1565 853 1601 ferrentur,
883 1564 912 1593 in
942 1573 1036 1594 unum
1062 1573 1177 1602 corpus
1204 1565 1356 1594 conferret
1384 1565 1553 1602 ordineque
1583 1565 1772 1602 disponeret.
1829 1565 1927 1600 Quare
1955 1568 2083 1593 naturae

223 1624 341 1661 quidam
368 1623 499 1660 impetus
527 1632 598 1654 eum
620 1624 659 1653 ad
682 1631 805 1653 carmen
826 1623 1076 1660 componendum
1098 1622 1266 1653 adduxisse
1294 1623 1425 1653 videtur.
1469 1623 1544 1652 Eum
1567 1622 1645 1652 enim
1665 1631 1727 1653 non
1760 1626 1844 1652 certa
1872 1622 2002 1660 quadam
2031 1622 2084 1652 do-

222 1682 315 1712 ctrina
338 1681 505 1711 institutum
534 1668 625 1719 alque
652 1685 717 1711 arte
743 1681 783 1711 ad
809 1689 932 1711 carmen
963 1681 1212 1719 componendum
1232 1681 1412 1716 adductum,
1434 1681 1489 1710 sed
1511 1684 1614 1710 natum
1636 1685 1778 1718 putamus
1799 1685 1937 1719 poetam,
1967 1680 2019 1718 qui
2041 1680 2083 1710 di-

223 1748 330 1778 spersa
352 1740 487 1777 colligat,
513 1739 718 1778 incomposita
749 1743 930 1777 componat,
958 1738 1072 1769 efficiat
1093 1738 1226 1776 denique
1248 1742 1282 1768 ut
1303 1747 1409 1769 eorum
1430 1738 1551 1776 species
1574 1746 1634 1768 una
1655 1743 1686 1769 et
1707 1739 1835 1777 pulchra
1856 1738 1904 1769 sit.
1950 1739 2034 1776 Quae
2056 1738 2083 1769 si

223 1799 333 1827 cadunt
358 1798 386 1826 in
407 1797 503 1832 illum,
534 1806 624 1834 quem
646 1798 748 1834 priore
774 1799 844 1827 loco
868 1797 976 1834 posui,
1007 1806 1068 1827 non
1093 1797 1206 1834 pariter
1234 1796 1262 1825 in
1286 1797 1422 1825 alterum.
1473 1797 1529 1833 Qui
1551 1798 1690 1834 profecto
1719 1796 1816 1834 magis
1839 1797 1979 1833 curabat,
2004 1806 2083 1834 quae

224 1856 375 1891 narrabat,
405 1864 495 1892 quam
515 1855 689 1893 quomodo:
721 1855 807 1893 quod
829 1863 891 1892 quo
916 1854 1013 1892 magis
1034 1854 1120 1891 fecit,
1151 1861 1189 1884 eo
1213 1853 1312 1883 minus
1336 1857 1447 1891 poetae
1470 1854 1573 1885 officio
1598 1854 1717 1885 videtur
1738 1855 1860 1884 functus
1889 1862 1971 1885 esse.
2015 1855 2081 1885 Non

223 1913 301 1942 enirn
315 1917 374 1942 tam
388 1921 447 1949 ros,
470 1922 547 1950 quas
563 1913 630 1951 quis
643 1918 753 1948 narrat,
776 1913 931 1951 pertinent
949 1913 987 1942 ad
1010 1917 1144 1950 poetam,
1164 1921 1255 1950 quam
1278 1912 1351 1941 ratio
1377 1913 1550 1949 modusque
1565 1913 1666 1942 verbis
1690 1921 1744 1942 eas
1763 1913 1902 1942 ornandi.
1945 1913 2084 1942 Narravit

223 1968 309 2006 igitur
328 1970 376 2000 ille
397 1971 494 2000 aliena
515 1975 548 2000 ut
571 1976 678 2008 poeta,
706 1971 754 2001 hic
773 1980 831 2001 sua
854 1971 895 2001 ita
918 1975 950 2001 ut
972 1975 1112 2009 poetam,
1135 1970 1187 2007 qui
1213 1974 1298 2000 essct
1317 1974 1437 2006 natura,
1466 1970 1633 2001 imitaretur
1659 1976 1735 2001 arte.
1778 1973 1806 2000 A
1829 1971 1978 2009 principio
2003 1971 2083 2001 enim

226 2028 335 2057 sactum
357 2037 427 2058 esse
447 2028 581 2064 videtur,
604 2033 638 2059 ut
660 2029 796 2058 nondum
813 2028 946 2058 inventis
966 2027 1129 2063 doctrinis,
1155 2031 1240 2057 motu
1261 2036 1318 2057 suo
1341 2027 1435 2058 libero
1460 2032 1489 2058 et
1508 2029 1625 2064 soluto,
1661 2028 1922 2066 praestantissima
1941 2036 2082 2065 quaeque

223 2085 343 2122 ingenia
368 2087 405 2115 ad
432 2087 538 2123 poesin
565 2087 695 2116 maxime
722 2087 921 2117 incitarentur
948 2088 978 2116 in
1008 2095 1108 2124 eaque
1136 2094 1170 2115 re
1199 2087 1324 2115 multum
1352 2086 1570 2117 adiuvarentur
1596 2096 1658 2116 non
1686 2086 1846 2124 disciplina
1873 2088 1922 2116 vel
1946 2086 2082 2122 scientia,

224 2142 334 2179 quibus
353 2144 503 2180 carebant,
521 2145 576 2174 sed
600 2144 708 2175 studiis
730 2145 923 2183 popularium
945 2145 974 2174 in
1003 2145 1133 2174 eandem
1156 2151 1221 2173 rem
1249 2143 1404 2181 impensis.
1450 2144 1527 2174 Hinc
1549 2144 1664 2174 exstitit
1685 2145 1894 2182 exemplorum
1913 2144 2017 2182 copia:
2043 2145 2083 2174 ad

224 2209 303 2238 quae
332 2206 495 2238 sequentes
521 2208 632 2240 poetae
660 2212 694 2234 se
721 2204 958 2234 accommodare
983 2206 1160 2241 potuerunt.
1211 2202 1303 2232 Brevi
1331 2202 1409 2232 enim
1436 2207 1574 2241 tempore
1603 2203 1801 2233 observatum
1830 2207 1877 2233 est
1903 2202 2013 2240 quibus
2043 2203 2082 2233 de

223 2258 325 2289 causis
349 2259 407 2288 alia
427 2261 619 2292 laudarentur
640 2262 697 2292 alia
716 2262 923 2301 displicerent,
947 2270 1027 2300 quae
1054 2260 1249 2300 potissimum
1270 2260 1451 2298 compositio
1471 2261 1601 2299 partium
1624 2266 1696 2300 apta
1717 2265 1817 2298 esset,
1848 2260 1901 2299 qui
1919 2261 2083 2291 verborum

221 2322 352 2347 ornatus
375 2326 463 2348 aures
481 2320 665 2350 audientium
685 2321 816 2350 maxime
839 2322 1017 2351 oblectaret.
1063 2321 1146 2357 Quae
1163 2320 1328 2349 observata
1349 2324 1380 2349 et
1403 2324 1506 2350 notata
1521 2321 1659 2350 abierunt
1673 2320 1703 2350 in
1726 2321 1848 2357 regulas
1867 2324 1899 2349 et
1918 2324 2084 2357 praecepta

220 2375 380 2406 scribendi
401 2375 466 2406 sive
489 2377 691 2415 componendi
713 2378 870 2410 carminis:
895 2384 925 2409 ut
951 2379 984 2408 fit
1005 2378 1182 2415 ubicunque
1204 2377 1367 2407 multorum
1389 2377 1510 2415 ingenia
1531 2386 1566 2408 se
1589 2379 1783 2408 contulerunt
1804 2377 1844 2407 ad
1864 2377 2083 2407 elaborandum

216 2435 246 2464 in
267 2435 381 2464 eodem
402 2442 524 2471 genere,
545 2437 756 2474 qualecunque
778 2438 808 2467 id
831 2442 888 2467 est.
933 2439 1016 2467 Haec
1038 2445 1124 2472 vero,
1148 2444 1226 2473 quae
1246 2435 1316 2471 dixi,
1338 2441 1503 2474 praecepta
1523 2437 1553 2466 in
1574 2445 1669 2467 unum
1693 2440 1808 2472 coacta,
1833 2435 1970 2473 partibus
1985 2436 2083 2466 distri-

217 2493 298 2528 buta,
324 2493 540 2530 exemplorum
561 2493 648 2530 copia
661 2493 808 2525 illustrata
826 2499 922 2525 artem
942 2494 1175 2531 doctrinamque
1196 2493 1338 2523 videntur
1361 2494 1514 2524 effecisse.
1558 2494 1625 2524 Duo
1647 2493 1717 2523 hinc
1738 2498 1866 2532 apparet
1881 2501 1952 2523 csse
1969 2502 2083 2531 genera

222 2556 387 2585 poetarum.
434 2551 573 2581 Alterum
597 2553 679 2588 quod
697 2561 757 2582 non
777 2559 840 2583 arte
862 2554 1074 2584 observatisve
1097 2551 1283 2590 praeceptis,
1306 2552 1362 2581 sed
1385 2552 1588 2582 concitatione
1612 2552 1742 2589 quadam
1765 2552 1933 2582 animorum
1956 2553 2082 2582 accedat

224 2606 262 2635 ad
285 2616 401 2640 carmen
427 2609 678 2648 componendum
700 2615 730 2640 ct
751 2611 864 2641 incidat
880 2612 908 2641 in
929 2613 1090 2650 pulchrum
1111 2611 1209 2648 magis
1228 2610 1258 2639 vi
1277 2610 1388 2647 ingenii
1413 2614 1444 2640 et
1464 2610 1580 2648 impetu
1603 2610 1691 2648 quasi
1713 2610 1826 2647 divino,
1850 2619 1941 2648 quam
1963 2610 2080 2641 ratione
