2322 2864
1121 59 1139 88 8

190 154 431 192 gnificaverunt:
455 162 515 183 non
536 152 619 189 quod
640 149 699 187 ipsi
721 149 953 187 pulchritudinis
973 158 1067 179 sensu
1091 150 1225 179 destituti
1248 155 1370 186 essent,
1392 152 1449 181 sed
1472 152 1557 188 quod
1578 154 1728 189 putabant
1748 154 1821 183 nihil
1841 155 1996 192 antiquius
2017 158 2067 187 ha-

191 212 297 242 buisse
320 211 457 250 poetam,
485 219 573 249 quam
600 213 633 238 ut
656 209 711 237 has
739 215 788 236 res
816 207 860 236 sic
890 211 1029 236 narraret
1056 211 1089 237 ut
1113 211 1219 245 gestae
1248 212 1364 238 essent.
1409 208 1601 239 Arctioribus
1620 209 1661 239 illi
1686 210 1798 241 finibus
1820 211 2066 251 circumscripse-

191 274 262 299 runt
277 274 388 307 poetae
401 269 466 299 sive
481 267 634 297 arbitrium
650 266 714 294 sive
730 264 881 299 iudicium,
903 266 1044 302 profecto
1067 274 1128 295 non
1152 265 1210 295 alia
1232 266 1270 294 de
1293 274 1388 294 causa
1410 265 1468 294 nisi
1490 267 1574 302 quod
1599 275 1672 296 vera
1690 276 1762 298 esse
1783 269 1964 305 credebant,
1986 280 2064 307 quae

195 332 391 358 narrarentur
412 329 450 358 de
472 327 549 357 bello
568 324 707 360 Troiano,
723 323 749 353 si
768 331 830 354 non
854 322 956 354 omnia
977 328 1008 354 at
1030 327 1112 354 certe
1133 323 1271 362 plurima.
1317 322 1496 354 cautissime
1517 322 1609 361 igitur
1629 329 1723 362 poeta
1742 326 1860 357 versari
1882 328 2015 359 debebat
2036 328 2064 358 in

194 385 246 419 iis,
275 394 354 422 quae
374 385 487 413 addere
514 384 617 411 vellet:
651 380 700 410 vix
722 381 802 410 enim
825 381 1009 410 crediderim
1039 390 1108 411 eum
1136 391 1214 418 quae
1246 391 1301 418 pro
1330 382 1413 411 veris
1439 386 1635 411 narrarentur
1661 391 1849 421 magnopere
1878 385 2065 416 immutasse.

194 443 280 474 Nova
304 443 416 472 addere
438 443 570 479 poterat:
593 446 671 477 quae
691 437 716 469 si
737 438 937 477 probabiliter
960 439 1098 476 adderet,
1120 449 1138 470 a
1161 444 1253 478 poeta
1275 439 1344 470 licta
1361 447 1433 470 esse
1456 438 1525 477 quis
1541 438 1643 469 sciret.
1665 440 1726 469 Iam
1739 440 1777 470 de
1791 449 1877 473 muro
1897 443 2064 475 videamus.

194 501 250 539 Qui
273 510 328 531 cur
349 500 464 530 decimo
493 506 571 527 anno
601 497 639 526 sit
667 501 843 527 exstructus
867 506 975 528 omnes
999 498 1152 528 miramur.
1197 498 1275 535 Quid
1294 498 1373 527 enim
1397 498 1492 535 magis
1515 498 1723 528 necessarium
1750 498 1801 535 iis,
1831 501 1883 537 qui
1913 507 1974 532 tam
1996 512 2064 540 pro-

193 560 315 599 pinquis
336 558 471 589 hostibus
493 561 593 586 castra
614 556 771 585 haberent.
816 557 922 594 Neque
945 566 1018 587 vero
1042 562 1105 587 tum
1129 557 1256 595 primum
1274 560 1436 586 caruerunt
1450 556 1577 587 Achillis
1597 556 1721 593 auxilio,
1746 557 1797 595 qui
1820 566 1888 588 cum
1908 564 1954 590 tot
1971 562 2063 592 urbes

195 622 275 650 terra
298 616 430 654 marique
452 616 652 653 expugnaret,
674 617 757 643 certe
781 622 841 645 non
865 623 935 646 raro
956 615 1064 645 aberat
1092 615 1129 644 ab
1158 614 1303 644 exercitu.
1346 614 1532 652 Saepissime
1553 614 1645 652 igitur
1662 615 1786 645 occasio
1814 616 1912 646 fuerat
1941 617 2064 648 Hectori

194 685 289 707 naves
312 676 349 705 ita
370 673 576 711 oppugnandi,
595 677 628 702 ut
650 681 711 702 non
737 678 888 709 pugnaret
910 682 979 703 cum
994 674 1128 703 Achille:
1153 681 1248 710 quare
1271 682 1330 703 non
1353 678 1436 703 recte
1457 674 1531 703 iram
1550 674 1676 704 Achillis
1699 680 1849 705 excusant
1869 676 2063 713 interpretes.

194 736 297 770 Neque
317 736 392 766 erat,
414 740 468 771 cur
490 731 548 759 iam
571 731 775 767 desperarent
795 731 903 761 Graeci
923 733 990 762 fore
1008 736 1042 761 ut
1058 731 1183 761 Hectori
1204 731 1270 760 sine
1293 740 1378 761 muro
1401 731 1594 767 resisterent,
1618 731 1741 769 ancipiti
1763 732 1842 762 enim
1866 734 1987 764 fortuna
2010 744 2063 772 pu·

193 795 313 829 gnatum
326 793 398 819 erat.
431 789 493 818 Nec
508 788 649 826 profecto
669 796 706 817 ea
729 796 790 826 qua
813 797 908 827 supra
930 789 979 818 hic
1001 793 1122 819 utemur
1144 788 1352 824 excusatione,
1375 797 1470 826 posse
1493 790 1643 826 quaedam
1666 790 1704 818 ad
1726 790 1805 819 aliud
1826 794 1945 828 tempus
1966 796 2064 822 trans-

192 850 260 879 ferri
281 853 331 878 aut
353 851 478 885 propter
498 847 724 883 necessitatem,
741 852 775 877 ut
791 848 913 878 navium
936 848 1157 882 recensionem,
1179 856 1240 884 quo
1262 847 1369 877 melius
1391 847 1593 884 intelligantur
1607 849 1774 885 sequentia,
1797 854 1849 879 aut
1861 855 1987 887 propter
2000 854 2065 888 pul-

192 906 396 941 chritudinem,
419 909 452 935 ut
473 905 556 935 illum
578 905 687 935 Priami
705 906 905 943 Helenaeque
928 913 1111 940 sermonem,
1134 904 1205 942 quia
1224 905 1351 942 placeat.
1396 904 1472 942 Quid
1491 904 1571 935 enim
1592 905 1686 943 magis
1711 907 1885 943 molestum,
1907 906 1980 945 quid
2003 916 2062 937 ma-

190 965 235 1001 gis
258 964 394 1001 frigidum
417 972 507 1000 quam
532 963 582 993 illa
602 964 681 993 muri
703 964 902 999 constructio,
927 973 1017 1000 quam
1039 973 1095 993 sex
1118 963 1258 993 versibus
1280 963 1330 998 (H
1348 963 1409 993 436
1431 968 1533 1001 seqq.)
1555 964 1675 994 inclusit
1697 970 1797 1001 poeta,
1822 966 1965 1002 temporis
1988 975 2061 996 vero

191 1021 286 1060 spatio
308 1026 368 1051 tam
388 1022 518 1060 exiguo,
555 1026 589 1052 ut
615 1021 668 1051 vix
692 1021 815 1052 minima
844 1030 915 1059 pars
944 1022 1009 1052 eius
1034 1021 1138 1060 operis
1166 1021 1286 1051 absolvi
1315 1021 1454 1058 potuisse
1478 1021 1624 1051 videatur.
1668 1023 1800 1053 Patrocli
1825 1028 1930 1054 contra
1955 1033 2062 1062 rogum

191 1085 301 1117 quanta
323 1088 391 1109 cum
414 1089 489 1110 cura
512 1080 675 1115 exstruxit,
699 1088 790 1116 quam
813 1080 974 1116 diligenter
994 1080 1114 1116 singula
1128 1083 1308 1116 persecutus
1325 1083 1381 1114 est,
1404 1079 1539 1109 distinxit
1555 1088 1676 1116 operas,
1693 1083 1943 1112 commemoravit
1954 1083 2063 1112 Merio-

190 1147 245 1167 nen
271 1140 466 1175 praesectum,
490 1138 647 1168 materiam
677 1138 830 1173 indicavit,
860 1139 985 1167 1011113111
1018 1137 1317 1174 magnitudinemque
1345 1137 1447 1174 operis
1481 1137 1672 1174 significavit.
1723 1139 1840 1175 Quodsi
1861 1140 1956 1170 noluit
1984 1140 2064 1169 simi-

191 1197 256 1227 liter
277 1197 304 1226 in
337 1197 414 1227 muri
443 1197 654 1235 descriptione
681 1196 815 1233 versari,
845 1196 942 1227 satius
968 1200 1033 1226 erat
1064 1195 1180 1234 fingere
1204 1195 1300 1226 fuisse
1328 1204 1446 1226 murum
1467 1195 1525 1225 iam
1548 1204 1566 1226 a
1594 1194 1742 1235 principio
1767 1197 1838 1227 belli
1865 1203 2061 1228 exstructum.

189 1257 308 1284 Poterat
331 1255 408 1284 enim
432 1264 492 1285 non
516 1256 582 1284 sine
605 1255 708 1291 aliqua
731 1255 794 1284 veri
815 1255 920 1291 specie
940 1255 984 1283 uti
1002 1255 1052 1283 illo
1077 1255 1319 1290 propugnaculo,
1337 1255 1420 1290 quod
1437 1255 1632 1291 Thucydides
1655 1256 1691 1291 (Ι,
1711 1256 1762 1290 11)
1789 1265 1806 1285 3
1822 1257 1945 1286 Graecis
1966 1266 2062 1294 prope

190 1313 258 1344 litus
281 1314 393 1344 sactum
415 1322 487 1344 esse
513 1313 600 1343 dicit:
623 1321 809 1351 quamquam
834 1321 893 1343 non
929 1321 1033 1342 murus
1056 1311 1082 1342 is
1101 1316 1180 1348 erat,
1204 1320 1265 1349 quo
1287 1315 1332 1342 tot
1354 1320 1448 1342 naves
1473 1311 1666 1351 cingerentur
1694 1313 1827 1351 (qualem
1852 1312 1902 1344 vix
1924 1312 1989 1344 fieri
2011 1322 2062 1352 po-

190 1372 283 1400 tuisse
306 1375 460 1408 apparet),
485 1372 541 1400 sed
564 1371 666 1408 potius
690 1380 745 1399 arx
768 1372 919 1407 quaedam
944 1370 1064 1408 (ἔρυμα
1088 1375 1178 1399 vocat
1199 1370 1409 1407 Thucydides)
1429 1372 1578 1400 collocata
1603 1376 1674 1407 apte
1692 1373 1730 1400 ad
1755 1372 1855 1401 varios
1878 1372 1948 1401 belli
1971 1381 2061 1402 casus

190 1430 409 1459 defendendos.
443 1431 474 1459 ln
500 1438 560 1466 qua
582 1429 607 1459 si
627 1429 678 1458 illa
701 1429 867 1460 certamina
888 1428 1088 1467 exposuisset
1107 1432 1213 1466 poeta,
1238 1437 1316 1465 quae
1339 1428 1408 1458 inde
1425 1438 1442 1458 a
1465 1427 1646 1458 duodecimo
1669 1428 1745 1459 libro
1765 1433 1948 1467 sequuntur,
1972 1430 2062 1460 debe-

190 1487 239 1516 bat
268 1488 358 1516 multa
382 1487 539 1516 immutare
557 1494 680 1522 eorum,
704 1494 783 1523 quae
807 1488 898 1523 vulgo
920 1490 1133 1520 narrarentur,
1157 1486 1369 1522 prioribusque
1395 1486 1475 1514 libris
1501 1486 1633 1514 adiicere
1659 1487 1843 1515 mentionem
1865 1487 1958 1521 muri,
1983 1496 2061 1523 quae

190 1548 269 1575 nulla
296 1547 324 1574 in
352 1546 387 1575 iis
412 1550 491 1574 erat:
517 1555 578 1582 quo
603 1547 683 1575 sacto
706 1547 839 1575 futurum
863 1551 928 1575 erat
949 1550 983 1575 ut
1004 1545 1074 1574 nihil
1100 1544 1322 1582 relinqueretur
1343 1544 1417 1574 satis
1441 1543 1563 1580 dignum
1580 1544 1650 1574 fide.
1690 1545 1790 1575 Unum
1812 1545 1889 1575 enim
1914 1545 1940 1575 si
1969 1555 2061 1582 appa-

190 1607 268 1633 reret
285 1606 427 1632 mutatum
447 1610 518 1632 esse
541 1610 580 1632 ex
600 1602 724 1632 arbitrio
752 1606 873 1640 poetae,
897 1601 972 1640 quid
992 1602 1031 1631 de
1054 1601 1180 1638 reliquis
1204 1602 1397 1631 statuendum
1412 1605 1486 1630 crat.
1531 1601 1635 1630 Maluit
1654 1601 1744 1638 igitur
1762 1603 1799 1631 ab
1816 1602 1862 1636 iis,
1881 1610 1959 1638 quae
1973 1602 2060 1631 siculi

191 1666 348 1698 acceperat
367 1661 412 1690 sic
434 1661 588 1698 exposuit,
611 1663 703 1697 longe
723 1669 871 1698 separare
891 1665 922 1690 et
944 1661 1122 1696 disiungere
1142 1669 1193 1694 ea,
1220 1669 1298 1696 quae
1317 1660 1384 1696 ipse
1407 1659 1561 1694 finxisset,
1587 1668 1624 1689 118
1644 1660 1720 1690 haec
1739 1660 1796 1690 illis
1819 1661 1975 1690 obessent.

291 1719 355 1749 Non
376 1718 456 1749 enim
478 1718 583 1750 dubito
604 1719 675 1757 quin
695 1719 734 1749 de
760 1726 847 1749 muro
872 1722 957 1748 recte
983 1717 1146 1748 statuerint
1167 1721 1305 1747 veteres:
1337 1717 1388 1755 qui
1407 1716 1478 1754 quid
1500 1716 1653 1747 senserint
1674 1716 1812 1755 ipsorum
1833 1717 1936 1748 verbis
1961 1718 2060 1748 decla-

191 1778 312 1807 rabitur.
363 1778 477 1807 Ponam
501 1783 602 1807 autem
624 1778 755 1815 primum
779 1775 930 1806 Eustathii
961 1776 1057 1805 verba
1088 1776 1174 1811 (567,
1202 1776 1251 1808 15)
1304 1777 1514 1813 „Graecorum
1546 1775 1626 1806 hunc
1653 1774 1772 1806 m'urum
1798 1778 1933 1815 antiquie
1957 1777 2060 1816 placet

190 1835 345 1873 ‚fabulam
367 1845 436 1867 esse.
450 1835 554 1873 fictam
575 1837 615 1866 ab
638 1835 785 1866 Homero:
807 1843 919 1865 revera
939 1834 1033 1869 enim,
1056 1838 1090 1864 uc
1111 1834 1227 1869 dicum,
1250 1843 1402 1873 'nmquam
1422 1835 1493 1873 fuit,
1516 1834 1573 1864 sed
1593 1843 1662 1865 cum
1681 1834 1808 1874 finqeret
1829 1840 1919 1874 poeta
1941 1845 2060 1865 murum

190 1893 324 1932 „factum
345 1898 435 1932 alque
455 1899 661 1934 oppugnatum
683 1904 767 1931 esse,
788 1902 848 1924 non
871 1900 952 1932 quae
969 1892 1057 1931 facta
1077 1896 1148 1922 sunt
1168 1893 1324 1927 narrarit,
1347 1893 1404 1923 sed
1419 1893 1571 1923 simulavit
1589 1893 1677 1932 facta
1701 1902 1777 1929 esse,
1800 1901 1898 1932 neque
1920 1894 2059 1932 eoepoeuit

192 1960 301 1986 „vet-a,
322 1952 378 1980 sed
402 1953 485 1989 falsa
504 1954 697 1990 wpposustst‘
747 1953 785 1981 Et
808 1951 993 1987 significavit
1017 1951 1085 1987 ipse
1108 1951 1261 1980 Homerus
1289 1951 1366 1979 haee
1388 1959 1406 1979 a
1432 1959 1466 1979 se
1491 1951 1577 1986 ficta,
1611 1960 1672 1981 11011
1699 1952 1738 1980 ad
1767 1951 1924 1981 veritatem
1946 1952 2058 1989 scripta

191 2016 271 2037 esse.
315 2008 456 2039 Nimirum
492 2009 571 2039 enim
605 2018 690 2040 muro
724 2012 883 2040 exstructo
919 2015 1050 2038 necesse
1083 2011 1149 2037 erat
1181 2010 1302 2036 exstare
1337 2006 1401 2037 eius
1429 2007 1567 2045 vestigia.
1616 2009 1691 2038 Nam
1719 2007 1776 2038 etsi
1804 2016 1913 2046 magna
1940 2016 2012 2046 pars
2041 2017 2059 2038 a

190 2067 395 2102 pugnantibus
417 2067 516 2097 diruta
540 2073 614 2103 erat,
638 2068 803 2097 manebant
824 2072 927 2097 tamen
951 2067 1085 2104 lapides,
1109 2066 1252 2094 manebat
1277 2066 1378 2095 fossa:
1411 2066 1512 2102 qualia
1534 2075 1628 2103 saepe
1651 2067 1680 2095 in
1704 2067 1831 2096 vetustis
1858 2067 2057 2097 constructio-

190 2122 280 2154 nibus
304 2116 470 2162 cernimus‚
494 2130 526 2156 ut
547 2125 752 2165 intelligamus
775 2129 806 2156 et
828 2133 948 2156 murum
967 2124 1062 2156 tuisse
1083 2126 1113 2154 et
1136 2131 1197 2161 quo
1222 2124 1300 2154 loco.
1345 2123 1438 2162 Atqui
1463 2123 1552 2154 huius
1574 2124 1695 2154 Troiani
1718 2124 1809 2162 muri,
1833 2132 1923 2163 quem
1947 2124 2057 2155 Home-

188 2191 242 2211 rus
266 2183 429 2218 exstruxit,
460 2185 541 2213 nulla
570 2186 690 2214 suerunt
712 2184 852 2221 vestigia.
898 2183 975 2212 Hinc
1004 2183 1091 2212 facile
1121 2183 1289 2219 apparebat
1315 2191 1373 2212 non
1405 2183 1501 2212 fuisse
1523 2191 1641 2212 murum
1664 2188 1756 2220 atque
1779 2184 1850 2214 ficta
1873 2192 1944 2214 esse
1965 2192 2056 2220 quae-

188 2248 312 2278 cunque
333 2241 371 2270 ad
394 2249 461 2272 eum
484 2242 677 2280 pertinerent.
723 2242 811 2281 Quod
832 2251 900 2273 cum
925 2241 1060 2276 timeret,
1081 2239 1199 2271 curavit
1222 2244 1313 2278 poeta
1334 2245 1365 2270 ut
1387 2240 1536 2270 rationem
1556 2239 1651 2277 iniret,
1676 2250 1736 2280 qua
1754 2241 1851 2273 fuisse
1871 2241 2056 2277 viderentur,

188 2307 269 2335 quae
292 2307 355 2327 non
385 2299 512 2329 fuerant.
562 2301 656 2337 quue
684 2301 755 2330 fecit
776 2310 838 2330 non
865 2303 1043 2337 expugnato
1066 2300 1188 2328 demum
1212 2308 1314 2333 muro,
1351 2300 1407 2328 sed
1434 2308 1495 2335 quo
1524 2301 1592 2329 1080
1620 2300 1751 2337 primum
1778 2301 1844 2330 eius
1871 2299 2055 2329 mentionem

184 2356 298 2394 iniecit,
322 2356 483 2387 confestim
506 2366 544 2388 ne
567 2358 636 2389 dum
659 2359 834 2390 dubitarent
853 2359 1100 2390 abalienarentur
1119 2356 1288 2393 audientes,
1311 2356 1378 2395 ipse
1398 2357 1531 2388 occurrit
1553 2357 1693 2396 deosque
1715 2358 1802 2397 ipsos
1821 2356 1939 2388 induxit
1960 2357 1998 2387 de
2021 2366 2057 2388 ea

182 2424 217 2445 re
241 2416 458 2445 decernentes.
502 2417 574 2445 Nam
603 2426 669 2446 cum
698 2419 858 2454 Neptunus
881 2418 1002 2447 timeret
1032 2425 1070 2445 ne
1094 2425 1147 2451 eo,
1179 2424 1269 2452 quem
1295 2416 1362 2453 ipse
1388 2425 1455 2446 cum
1476 2417 1619 2454 Apolline
1646 2417 1775 2450 fecerat,
1800 2416 1948 2453 insignior
1969 2417 2057 2446 fieret

187 2483 290 2506 murus
316 2475 506 2505 Graecorum
535 2474 811 2513 infringereturque
831 2484 888 2506 sua
911 2474 1024 2512 gloria,
1053 2473 1168 2511 Iupiter
1189 2473 1217 2503 ei
1241 2473 1379 2512 promisit
1400 2474 1481 2505 hunc
1500 2474 1623 2512 quidem
1644 2473 1781 2505 funditus
1804 2474 1936 2505 deletum
1955 2483 2055 2512 neque

188 2532 274 2564 ullum
302 2534 370 2564 eius
403 2531 567 2570 vestigium
597 2533 732 2564 relictum
765 2533 810 2563 iri.
856 2533 945 2571 Quod
971 2532 1129 2569 quomodo
1161 2533 1273 2561 sactum
1302 2536 1400 2568 esset,
1423 2536 1587 2570 antequam
1603 2526 1696 2570 ‘apud
1718 2540 1837 2562 murum
1858 2537 2054 2570 pugnaretur,

192 2594 279 2624 poeta
305 2591 538 2630 anticipandum
566 2591 623 2621 sibi
650 2592 745 2623 duxit.
803 2591 879 2622 Octo
908 2591 999 2628 igitur
1035 2589 1161 2620 flumina
1194 2591 1234 2620 ad
1269 2599 1388 2621 murum
1415 2591 1565 2621 avertisse
1596 2590 1787 2629 Apollinem,
1818 2590 1908 2621 maris
1942 2591 2054 2622 fluctus

193 2646 299 2676 eodem
318 2651 477 2688 impulisse
498 2649 632 2680 tridente
653 2651 840 2688 Neptunum,
873 2650 985 2679 imbres
1009 2648 1142 2686 denique
1164 2648 1312 2679 maximos
1332 2650 1419 2679 coelo
1448 2648 1609 2680 demisisse
1633 2651 1736 2680 Iovem
1758 2649 1840 2679 dicit.
1883 2650 2052 2680 Ridiculum
