2368 2864
953 60 1075 63 -υ-
1122 42 1140 70 6

200 142 332 172 narratio
356 150 424 171 eam
447 140 674 172 difficultatem,
703 135 786 173 quod
813 134 1007 171 Tlepolemus
1031 131 1187 162 Doriensis
1212 139 1274 160 non
1302 130 1403 168 potuit
1428 131 1538 161 Rhodo
1561 130 1684 161 Troiam
1706 131 1821 161 venire.
1865 130 1958 169 Argis
1984 132 2066 163 enim

195 202 295 231 Dores
318 199 461 230 Rhodum
485 197 578 226 multo
600 199 673 233 post
694 193 805 223 bellum
829 191 992 220 Troianum
1012 193 1176 219 venerunt:
1204 193 1276 226 post
1298 187 1452 218 conditam
1475 189 1597 218 demum
1620 197 1688 218 eam
1709 189 1862 219 coloniam
1882 189 2008 225 Rhodii,
2032 195 2066 221 ut

195 261 297 290 solent
317 257 426 288 Graeci
453 254 657 295 posteriorum
680 256 849 288 temporum
872 247 1009 278 colonias
1034 247 1073 277 ad
1094 247 1253 277 fabulosos
1279 246 1395 276 referre
1417 250 1580 284 auctores,
1607 247 1817 286 Tlepolemum
1839 250 1912 277 ante
1934 246 2063 279 reditum

194 317 424 346 Heraclidarum
452 315 546 343 breve
569 317 688 347 tempus
707 307 800 345 Argis
827 310 1049 336 commoratum
1072 305 1226 335 coloniam
1250 304 1431 334 Doriensem
1453 304 1525 333 inde
1547 305 1691 334 Rhodum
1709 305 1877 335 deduxisse
1899 305 2063 336 finxerunt.

195 376 336 406 Ceterum
358 373 388 402 in
415 369 594 401 recensione
621 370 736 397 tantum
766 363 887 394 navium
916 366 1021 401 aperte
1050 362 1216 392 indicatum
1247 365 1295 392 est
1316 361 1428 392 Rhodo
1458 362 1669 400 Tlepolemum
1696 362 1817 393 Troiam
1842 362 1977 393 venisse.
2022 364 2065 394 Ea

195 442 285 471 quam
309 433 377 461 dico
402 429 531 460 narratio
552 426 623 457 nihil
645 425 736 454 habet
756 427 878 459 praeter
898 431 1008 451 nomen
1031 422 1112 456 eius,
1142 430 1203 451 non
1226 420 1330 450 addita
1351 420 1463 458 patria:
1487 421 1544 450 nisi
1562 421 1645 458 quod
1666 421 1851 458 interpretes
1874 423 1930 451 hac
1954 423 2065 460 Sarpe-

196 492 286 522 donis
311 498 379 520 cum
398 487 572 525 Tlepolemo
594 491 698 521 pugna
726 480 891 518 significari
914 484 1022 518 putant
1043 487 1096 510 eas
1115 478 1305 517 inimicitias,
1335 487 1415 517 quae
1433 478 1512 509 inter
1530 479 1643 518 Lycios
1663 478 1866 516 Rhodiosque
1895 479 2064 511 intercede-

196 554 274 580 rent.
319 549 381 578 Sed
394 546 462 576 mihi
475 546 641 577 Homerus,
667 540 717 578 qui
741 547 864 576 semper
886 540 924 568 de
947 539 1094 568 nobilium
1118 538 1254 568 virorum
1269 538 1381 576 patria,
1404 547 1532 575 genere,
1555 539 1618 568 vita
1640 538 1799 576 exposuit,
1822 546 1861 566 ne
1884 539 1958 574 quid
1977 548 2064 576 prae-

195 606 385 640 termitteret,
410 603 492 641 quod
516 600 684 631 orationem
705 600 754 628 vel
773 601 938 628 exornaret
960 598 1009 626 vel
1033 597 1244 627 dilucidiorem
1263 597 1417 633 redderet,
1438 604 1507 627 cum
1527 597 1556 626 in
1579 598 1636 627 hac
1659 597 1832 627 narratione
1855 595 1926 625 nihil
1950 597 1988 626 de
2000 598 2065 627 Tle-

195 664 308 704 polemi
329 662 425 701 patria
446 660 626 694 inveniatur,
647 658 770 687 videtur
791 664 828 685 ea
848 655 1043 693 respexisse,
1068 663 1147 692 quae
1172 659 1262 684 antea
1281 655 1320 684 de
1342 663 1380 684 ea
1399 663 1432 684 re
1455 655 1537 684 dicta
1560 660 1655 686 erant.
1700 656 1838 687 Rhodius
1851 657 1942 695 Igitur
1957 663 2064 696 putan-

195 725 254 754 dus
276 727 337 757 est,
359 719 496 758 quamvis
518 723 691 755 temporum
714 715 790 745 ratio
814 715 874 744 hoc
896 714 990 744 modo
1015 722 1077 744 non
1101 718 1233 744 constet.
1277 713 1408 743 Videtur
1430 717 1531 744 autem
1553 714 1698 744 universa
1719 716 1850 747 narratio
1873 726 1934 747 non
1949 725 1987 747 eo
2002 726 2063 754 quo

193 790 272 810 nunc
291 786 338 809 est
357 780 426 807 loco
445 784 568 813 semper
589 775 701 809 fuisse,
723 774 780 803 sed
802 773 985 810 interposita
1010 781 1080 802 esse
1099 772 1148 801 alii
1169 772 1314 807 orationi,
1338 773 1423 801 cuius
1446 775 1550 809 partes
1572 777 1642 809 apte
1664 775 1837 810 procedunt
1859 775 1905 803 his
1925 783 1941 803 e
1962 775 2063 804 medio

197 839 332 872 sublatis.

297 895 408 926 Similis
433 897 482 923 cst
503 892 580 921 ratio
610 890 687 919 alius
716 889 776 919 loci
807 889 946 919 eiusdem
976 888 1161 926 rhapsodiae
1184 889 1229 923 (E
1248 887 1444 923 471—493)‚
1474 896 1535 924 quo
1561 888 1721 924 Sarpedon
1745 890 1877 926 graviter
1899 892 2063 920 Hectorem

194 958 352 994 vituperat.
397 953 470 982 Nam
497 959 565 980 cum
586 950 668 979 Mars
696 949 764 986 ipse
782 947 933 977 Troianos
957 948 995 977 ad
1020 956 1153 985 pugnam
1176 947 1314 976 hortatus
1338 949 1436 980 esset,
1460 954 1520 975 non
1544 950 1624 981 erat,
1652 955 1707 976 cur
1728 947 1888 985 Sarpedon
1912 958 1991 986 quae
2013 949 2062 979 ille

194 1014 326 1046 breviter
349 1011 467 1041 dixerat
490 1011 660 1046 repeteret,
680 1006 805 1036 mutatis
826 1006 932 1035 verbis
955 1005 1145 1042 adiectisque
1169 1005 1340 1041 nonnullis,
1364 1013 1442 1042 quae
1463 1008 1545 1034 certe
1567 1004 1606 1033 ad
1627 1012 1691 1034 rem
1704 1014 1764 1035 non
1788 1007 1949 1044 pertinent.
1994 1008 2063 1037 Pro-

194 1078 273 1105 fecto
295 1072 402 1103 melius
424 1078 551 1100 versum
574 1065 911 1105 quadringentesimum
934 1064 1195 1102 septuagesimum
1217 1067 1400 1101 sequeretur
1418 1072 1477 1093 uno
1494 1064 1589 1094 verbo
1609 1068 1723 1095 mutato
1747 1065 2062 1104 quadringentesimus

193 1131 411 1168 nonagesimus
434 1131 572 1164 quartus.
619 1127 703 1162 Quae
726 1124 805 1153 enim
829 1123 859 1152 in
883 1123 984 1152 medio
1008 1123 1109 1159 posita
1133 1127 1203 1151 sunt
1227 1122 1350 1150 mirifice
1373 1122 1541 1158 impediunt
1564 1122 1734 1151 orationem
1746 1123 1785 1159 *),

299 1189 337 1218 lis
360 1195 440 1225 quos
464 1185 557 1214 modo
582 1182 823 1213 commemoravi
846 1181 924 1210 locis
947 1184 1074 1217 quartus
1096 1180 1223 1209 accedat
1243 1179 1292 1215 (H
1316 1179 1458 1215 13—16),
1482 1178 1533 1208 ubi
1555 1179 1688 1210 Glaucus
1711 1183 1975 1211 commemoratur.
2021 1182 2062 1210 Ne

194 1249 222 1278 hi
244 1247 367 1286 quidem
389 1253 500 1274 versus
524 1246 609 1272 recte
630 1241 775 1270 videntur
798 1240 890 1278 positi
910 1247 992 1268 esse.
1039 1239 1111 1267 Cum
1133 1238 1212 1266 enim
1234 1237 1318 1266 Paris
1342 1242 1372 1266 et
1394 1239 1508 1266 Hector
1530 1245 1569 1266 ex
1588 1239 1663 1268 urbe
1684 1238 1713 1267 in
1733 1248 1867 1276 pugnam
1889 1239 2063 1275 rediissent,

195 1307 268 1344 quid
296 1310 424 1340 uterque
455 1310 562 1331 eorum
592 1299 717 1328 fecisset
749 1298 912 1327 dicendum
939 1301 1020 1331 erat,
1065 1298 1198 1325 Glaucus
1230 1305 1301 1324 vero
1337 1304 1390 1325 cur
1422 1296 1457 1325 iis
1482 1297 1570 1325 tertio
1594 1297 1661 1325 loco
1683 1297 1866 1332 adderetur,
1900 1298 1971 1326 nihil
1999 1302 2063 1326 erat

198 1372 320 1394 causae.

300 1422 377 1450 Sunt
399 1420 489 1456 igitur
510 1417 539 1445 hi
563 1420 695 1452 quatuor
716 1414 790 1448 loci,
823 1414 874 1450 qui
896 1413 923 1441 in
949 1413 1050 1449 priore
1074 1412 1173 1440 iliadis
1197 1416 1282 1448 parte
1306 1421 1403 1448 usque
1427 1412 1466 1440 ad
1489 1411 1595 1440 librum
1625 1416 1768 1441 octavum
1795 1413 1833 1441 dc
1857 1412 1957 1449 Lyciis
1980 1413 2062 1442 inve-

197 1480 319 1510 niuntur
341 1477 414 1513 soli,
439 1483 546 1506 omnes
570 1474 610 1503 ita
632 1471 801 1511 comparati
824 1475 857 1501 ut
880 1478 947 1501 cum
971 1469 1081 1500 ceteris
1101 1478 1162 1499 non
1184 1469 1381 1505 cohaereant,
1404 1470 1459 1499 sed
1483 1469 1687 1499 continentem
1710 1469 1878 1499 orationem
1898 1469 2062 1508 impediant

197 1539 368 1574 meliusque
393 1536 539 1564 tollantur
565 1541 656 1568 quam
678 1531 897 1567 relinquantur.
943 1529 1030 1565 Quod
1052 1529 1078 1557 si
1101 1529 1195 1557 semel
1214 1529 1298 1557 bisve
1323 1528 1418 1564 fieret,
1442 1538 1516 1558 casu
1536 1530 1648 1557 factum
1670 1537 1740 1558 esse
1754 1533 1941 1565 putaremus.
1987 1530 2063 1559 Sunt

198 1597 279 1626 enim
301 1594 373 1624 talia
396 1594 423 1622 in
447 1596 510 1621 tam
533 1590 632 1627 longis
656 1587 851 1618 carminibus.
896 1588 968 1617 Cum
992 1595 1115 1624 semper
1136 1586 1196 1621 fiat,
1220 1595 1280 1615 non
1304 1586 1369 1615 sine
1392 1595 1495 1616 causa.
1539 1587 1654 1616 Horum
1678 1586 1767 1624 igitur
1780 1587 1958 1625 Lyciorum,
1983 1597 2062 1625 quos

200 1654 362 1690 Sarpedon
384 1652 581 1685 Glaucusque
603 1648 724 1677 Troiam
746 1647 912 1680 duxerunt,
943 1654 1053 1674 nomen
1082 1645 1110 1673 in
1136 1644 1238 1681 priore
1266 1644 1366 1673 iliadis
1394 1649 1476 1681 parte
1502 1653 1599 1681 usque
1625 1645 1664 1673 ad
1693 1650 1834 1675 octavum
1861 1646 1924 1674 sere
1954 1646 2062 1675 librum

199 1717 282 1742 recte
310 1708 439 1740 inveniri
463 1716 554 1744 nego.
599 1705 736 1735 Aliorum
763 1703 945 1734 auxiliorum
974 1702 1138 1732 certamina
1160 1702 1196 1731 iis
1228 1702 1310 1731 libris
1331 1701 1538 1738 continentur,
1565 1703 1714 1733 Thracum
1736 1703 1865 1733 maxime
1891 1704 1930 1733 de
1952 1703 2062 1741 quibus

198 1777 292 1805 supra
315 1768 386 1796 dixi.
430 1765 543 1802 Lycios
569 1772 658 1799 vero,
684 1771 814 1799 quorum
836 1770 886 1790 res
910 1766 1016 1797 gestae
1046 1761 1116 1789 inde
1140 1769 1158 1788 a
1187 1760 1368 1789 duodecimo
1392 1760 1467 1789 libro
1494 1761 1644 1789 uberrime
1673 1766 1847 1796 narrantur,
1875 1761 1905 1790 in
1932 1770 1988 1790 eos
2011 1763 2062 1798 qui

197 1827 383 1856 antecedunt
409 1824 504 1853 libros
533 1826 666 1859 quatuor
694 1820 770 1850 locis
797 1821 874 1849 male
902 1819 1008 1849 nescio
1037 1819 1105 1856 quis
1130 1819 1265 1848 inseruit.
1309 1818 1390 1847 Talia
1418 1819 1496 1848 enim
1525 1818 1625 1856 qualia
1644 1823 1716 1848 sunt
1742 1815 1866 1858 Τρώων
1885 1814 1906 1858 ἢ
1925 1820 2062 1849 Λυκίων

196 1887 244 1921 (Δ
264 1884 332 1913 197.
355 1884 382 1912 Ζ
402 1882 455 1916 78)
475 1882 524 1911 vel
550 1880 662 1918 Τρῶες
680 1877 734 1908 καὶ
758 1876 876 1908 Λύκιοι
899 1876 953 1907 καὶ
975 1875 1148 1914 Δάρδανοι
1170 1878 1212 1911 (Θ
1238 1877 1307 1907 173)
1332 1878 1491 1907 reserenda
1512 1882 1584 1907 sunt
1605 1878 1643 1906 ad
1662 1886 1718 1908 eos
1739 1877 1868 1916 Lycios,
1892 1877 1944 1915 qui
1965 1886 2062 1914 prope

198 1944 318 1973 Troiam
346 1941 522 1970 habitabant
554 1939 698 1974 duceque
730 1937 871 1966 Pandaro
903 1937 942 1965 ad
970 1936 1080 1966 bellum
1110 1940 1271 1965 venerant:
1314 1935 1369 1965 etsi
1399 1941 1470 1973 post
1504 1941 1645 1966 octavum
1680 1936 1789 1966 librum
1823 1936 1908 1966 aliter
1938 1936 2063 1973 intelligi

199 2004 340 2038 possunt.

304 2057 402 2086 Venio
426 2057 483 2085 iam
510 2056 549 2084 ad
572 2063 628 2084 eos
652 2053 764 2089 libros,
795 2053 905 2090 quibus
928 2051 1117 2088 Sarpedonis
1141 2051 1306 2088 Glaucique
1336 2060 1384 2081 res
1408 2057 1583 2082 narrantur:
1612 2056 1684 2083 sunt
1710 2057 1812 2082 autem
1833 2052 1963 2082 maxime
1986 2053 2061 2082 duo-

199 2116 346 2152 decimus,
371 2118 476 2143 sextus
501 2112 648 2146 decimus,
672 2110 823 2147 septimus
846 2110 992 2138 decimus.
1038 2110 1121 2145 Quae
1143 2109 1172 2136 in
1196 2109 1241 2137 his
1261 2109 1342 2138 libris
1362 2115 1535 2146 narrantur,
1559 2111 1740 2147 plerumque
1768 2110 1807 2138 ad
1834 2110 1947 2147 Lycios
1974 2109 2062 2146 perti-

197 2178 281 2205 nent.
325 2173 443 2202 Murum
469 2174 663 2209 oppugnant,
689 2171 869 2207 partemque
892 2167 957 2198 eius
978 2170 1146 2205 occupant,
1170 2166 1279 2196 deinde
1300 2171 1435 2205 pugnant
1456 2176 1523 2198 cum
1544 2169 1684 2199 Patroclo
1706 2172 1736 2198 et
1754 2168 1911 2205 sugantur:
1936 2170 2062 2198 necatur

196 2233 331 2269 denique
354 2230 523 2267 Sarpedon.
567 2229 632 2264 Qua
655 2227 777 2264 quidem
800 2227 829 2255 in
858 2234 962 2263 pugna
984 2233 1053 2254 cum
1078 2224 1206 2261 Iupiter,
1241 2228 1272 2253 ut
1294 2234 1382 2262 quem
1401 2226 1453 2254 filii
1475 2226 1647 2261 misereret‚
1680 2226 1828 2263 cogitaret
1849 2226 2061 2262 Sarpedonem

194 2293 300 2323 vivum
323 2299 340 2320 e
363 2298 466 2327 pugna
486 2288 515 2317 in
538 2287 661 2325 Lyciam
682 2287 859 2325 transferre,
887 2285 1059 2324 prohibitus
1083 2287 1131 2313 est
1154 2293 1171 2313 a
1192 2283 1316 2314 Iunone.
1360 2285 1434 2315 Nam
1456 2290 1521 2316 erat
1542 2285 1708 2316 timendum
1731 2294 1786 2322 ne,
1810 2284 1836 2315 si
1861 2284 1929 2322 ipse
1952 2284 2062 2321 Sarpe-

193 2352 324 2383 donem,
354 2352 418 2376 tum
438 2345 529 2374 ceteri
558 2354 681 2381 quoque
702 2345 742 2373 dii
766 2353 853 2373 suum
875 2345 1006 2381 quisque
1026 2344 1120 2373 filium
1143 2348 1250 2372 contra
1273 2343 1364 2371 satum
1387 2343 1536 2373 servaturi
1558 2349 1672 2374 essent.
1717 2345 1816 2380 Quare
1837 2342 1976 2380 permisit
2000 2341 2063 2378 qui-

193 2410 265 2440 dem
295 2406 412 2445 Iupiter
436 2408 469 2435 ut
496 2403 718 2433 interficeretur
747 2411 764 2432 a
790 2403 947 2438 Patroclo,
978 2410 1092 2440 corpus
1121 2410 1196 2432 vero
1229 2401 1353 2438 mortui,
1383 2403 1639 2440 quemadmodum
1664 2403 1738 2432 Iuno
1769 2401 1797 2431 ei
1824 2404 1979 2437 suaserat,
2008 2408 2063 2438 per

196 2467 370 2504 Apollinem
390 2463 552 2493 lavandum
577 2466 606 2490 et
623 2471 678 2499 per
700 2463 828 2491 Mortem
848 2462 1058 2498 Somnumque
1075 2461 1294 2498 reportandum
1315 2462 1445 2498 curavit,
1474 2466 1507 2491 ut
1528 2462 1558 2490 in
1579 2461 1673 2499 Lycia
1695 2470 1714 2490 a
1736 2460 1917 2498 propinquis
1940 2460 2060 2488 debitus

356 2596 382 2628 *)
403 2596 487 2629 Saepe
507 2595 534 2619 id
551 2594 575 2618 fit
595 2594 634 2622 iiS.
653 2602 714 2625 quae
730 2595 862 2627 Sarpedon
881 2594 951 2621 dicit.
972 2594 1004 2620 cf.
1026 2592 1049 2617 E
1069 2594 1118 2618 471
1138 2601 1209 2625 seqq.
1230 2592 1265 2618 M
1281 2593 1330 2618 310
1349 2601 1370 2620 ε.
1392 2594 1442 2619 409
1460 2602 1482 2619 S.
1502 2593 1531 2618 Π
1548 2594 1598 2619 422
1617 2602 1640 2619 s.
1675 2594 1734 2618 Post
1752 2594 1807 2618 eius
1825 2596 1929 2617 mortem
1949 2592 2058 2617 Glaucus

201 2637 244 2660 has
258 2644 355 2668 ,quoque
373 2642 428 2664 eius
447 2644 533 2671 partes
553 2638 606 2669 egit
626 2637 648 2660 P
666 2638 713 2662 140
732 2646 753 2661 S.
