2273 2831
1154 30 1173 60 9

235 132 325 159 sane,
349 122 432 160 quod
451 130 469 151 a
492 120 616 151 Graecis
639 120 806 158 perexiguo
829 120 975 158 temporis
998 122 1098 159 spatio
1120 123 1242 159 sactum,
1262 131 1280 152 a
1301 121 1439 153 Troianis
1461 121 1520 152 iam
1543 121 1758 151 labefactatum
1779 126 1881 158 esset,
1904 120 1934 151 id
1956 125 1990 152 ut
2011 122 2093 153 dele-

233 184 317 211 retur
340 184 403 210 tres
426 178 657 217 potentissimos
680 179 756 208 deos
780 186 891 208 novem
917 179 1023 209 diebus
1054 180 1105 210 vix
1124 180 1276 211 effecisse.
1321 181 1387 210 Non
1412 188 1485 210 vero
1513 179 1573 209 hoc
1594 179 1713 209 curavit
1736 184 1829 217 poeta
1850 179 1907 209 sed
1935 179 2008 209 illud
2030 187 2091 209 ma-

232 239 296 274 ius,
328 242 362 269 ut
389 246 427 267 ne
456 238 540 273 quod
565 235 726 272 vestigium
753 237 887 266 relictum
914 245 985 267 esse
1013 238 1176 268 videretur.
1228 238 1430 275 Quamobrem
1458 238 1487 267 in
1515 246 1599 267 mare
1627 237 1719 267 delati
1747 241 1821 267 sunt
1847 237 1965 275 lapides
1998 241 2090 274 atque

234 296 336 327 omnia
356 303 449 325 arena
468 296 616 331 cooperta
638 293 768 330 soloque
789 298 919 331 aequata
941 296 992 331 (οἳ.
1014 295 1111 325 schol.
1133 296 1172 325 ad
1195 296 1239 326 M
1256 295 1306 325 25.
1326 296 1411 325 Eust.
1434 295 1507 331 842,
1529 295 1593 332 42).
1637 296 1734 325 Recte
1752 295 1845 332 igitur
1865 298 1958 333 poeta
1981 294 2027 324 bis
2049 294 2090 323 de

231 363 268 384 ea
290 362 323 382 re
343 353 405 389 egit
427 354 477 388 (Η
497 352 566 381 443.
588 352 630 381 Μ
648 352 699 387 10)
726 356 760 381 ut
781 358 942 388 appareret
964 358 995 383 et
1017 363 1070 384 cur
1092 355 1245 384 deleretur
1269 358 1300 384 et
1326 355 1500 391 quomodo:
1529 363 1630 392 neque
1648 353 1830 385 subditicius
1850 353 1940 389 mihi,
1969 357 2004 383 ut
2026 352 2092 390 qui·

231 410 361 454 busdam
393 413 541 445 veterum,
568 409 688 438 videtur
715 408 856 446 superior
880 409 982 445 locus,
1016 419 1076 447 quo
1103 412 1223 441 sublato
1252 419 1312 448 qua
1339 419 1372 440 re
1402 412 1544 442 commoti
1571 415 1678 442 essent
1707 411 1748 440 dii
1776 412 1895 442 lateret.
1940 411 2003 439 lam
2021 414 2091 439 utar

233 468 374 503 scholiis,
406 472 437 497 ut
463 472 581 498 veteres
604 467 683 497 idem
710 467 845 497 sensisse
866 467 1082 499 demonstrem.
1128 470 1206 499 Sunt
1229 474 1330 499 autem
1352 470 1428 499 haec
1451 471 1515 500 fere
1537 470 1590 506 (ad
1611 470 1655 500 M
1671 470 1720 505 4):
1758 468 1947 508 „Postquam
1968 467 2091 498 honoris

232 525 381 564 ‚‚Aclu‘lla·s
400 536 495 557 causa
515 535 632 557 murum
649 525 747 565 finxit,
768 525 864 556 deleri
884 527 1012 557 eundem
1030 527 1169 566 funditus
1189 528 1273 565 dicit,
1296 538 1335 559 ne
1356 529 1479 568 quando
1502 537 1582 567 quae
1600 537 1744 558 nonvere
1764 528 1880 559 dixer-ie
1895 534 2088 567 per-mecan-

232 589 305 620 „lur
325 594 345 614 a
370 586 509 623 posteris.
555 584 748 622 Quapropter
768 584 921 613 interiisse
948 585 1022 614 dic-'1
1047 588 1198 615 murum.“
1240 586 1301 615 Alii
1328 587 1438 616 eodem
1467 588 1536 616 loco
1560 587 1637 615 haec
1666 587 1793 615 habent:
1827 595 1923 622 ‚mum
1949 586 2018 624 ipse
2037 592 2089 613 ex-

231 644 428 680 ‚,slruaei⁸set‚
457 644 523 682 ipse
544 643 652 674 delevit
685 651 818 681 quoque,
844 647 1024 681 argumenta
1048 644 1216 674 aboliturus
1244 644 1352 682 quibus
1378 644 1509 683 refutari
1535 648 1646 683 posset.
1689 641 1840 674 Auctor-es
1863 652 1938 675 vero
1964 641 2090 674 delendi

232 702 335 738 „muri
362 701 437 739 fecit
465 702 538 731 deos·
558 702 668 737 iratos,
695 701 767 739 quia
786 709 881 730 sacra
901 710 960 730 non
985 702 1043 730 n'le
1069 702 1158 740 facta
1185 703 1307 732 essenff‘
1342 703 1394 738 (cl.
1423 703 1461 731 ad
1488 703 1524 732 H
1547 702 1631 738 445).
1686 701 1864 731 Eustathius
1892 702 1970 731 haec
1996 700 2089 730 habet

233 748 316 794 (567,
336 757 404 793 23);
425 758 513 795 „Sed
531 768 568 789 ne
587 759 670 796 falsa
691 759 807 788 dixisse
825 763 1006 796 ‹tr-queretur
1026 767 1046 788 a
1066 760 1207 797 posteris,
1230 761 1282 797 qm*
1301 760 1350 789 vol
1369 761 1492 789 ntinima
1514 760 1580 789 eius
1602 760 1683 788 muri
1699 760 1826 797 vestiqt'a
1845 759 1969 797 frasu-a
1991 766 2089 797 qnae·

231 820 357 854 „rerenl
379 818 460 847 ete.“
507 815 683 847 Aristotelis
706 816 812 846 eadem
835 815 890 846 fuit
913 815 1025 854 opinio,
1049 815 1134 847 cuius
1157 816 1251 847 verba
1264 816 1439 848 Eustathius
1459 817 1543 854 (567,
1562 816 1615 853 34)
1637 816 1730 847 habet
1750 816 1842 846 haec:
1865 815 2012 854 „fluum
2033 816 2091 855 qni

231 874 341 911 „finxit
359 875 441 904 idem
461 875 590 904 abolevit
608 876 734 912 poeta.“
779 874 846 903 Fuit
866 873 955 903 etiam
978 874 1137 904 Strabonis
1160 875 1207 910 (ΙΙ,
1235 875 1301 903 161.
1323 876 1361 904 A.
1388 876 1468 910 160).
1513 875 1610 910 Quare
1631 883 1693 904 non
1713 874 1814 910 potuit
1833 882 1956 904 sumere
1974 874 2046 903 inde
2069 881 2088 902 a

232 931 328 969 prImo
352 931 422 961 belli
444 940 523 962 anno
546 931 701 962 exstitisse
724 941 850 968 murum,
873 940 911 961 nc
929 931 1011 961 veris
1034 933 1109 961 salsa
1124 931 1321 962 admiscendo
1342 932 1442 962 omnia
1463 932 1578 962 incerta
1597 932 1748 968 redderet,
1771 932 1830 967 vel,
1852 935 1886 961 ut
1906 931 2086 962 Eustathius

232 989 312 1025 dicit,
332 998 370 1019 ne
393 989 598 1027 suspicionem
620 993 758 1019 moveret
777 990 815 1019 de
834 989 978 1019 universa
998 989 1170 1018 narratione
1192 989 1331 1026 fidesque
1352 990 1524 1019 demeretur
1544 989 1581 1019 iis
1604 998 1744 1027 quoque,
1769 997 1848 1026 quae
1875 997 1949 1018 vera
1967 993 2085 1019 essent.

334 1049 427 1078 Recte
460 1048 550 1084 igitur
575 1047 645 1077 mihi
674 1048 780 1077 videor
807 1055 924 1085 ponere
947 1055 1003 1076 nec
1031 1047 1144 1084 Lycios
1167 1046 1346 1084 Sarpedone
1368 1048 1446 1078 duce
1469 1047 1587 1077 Troiam
1611 1048 1735 1078 venisse
1763 1056 1822 1078 nec
1851 1056 1938 1078 muro
1967 1047 2085 1077 cinctas

233 1106 328 1136 fuisse
345 1107 529 1135 Graecorum
555 1114 659 1141 naves,
683 1103 922 1141 exstruendique
945 1104 1021 1133 muri
1042 1104 1115 1133 illud
1138 1104 1305 1141 consilium,
1332 1105 1414 1142 quod
1436 1106 1546 1134 Nestor
1567 1105 1617 1140 (H
1632 1104 1707 1141 338)
1730 1105 1823 1141 dedit,
1843 1113 1905 1135 non
1929 1113 1969 1134 ex
1982 1113 2086 1134 rerum

232 1167 386 1202 gestarum
415 1163 557 1199 veritate,
588 1163 643 1192 sed
673 1171 711 1192 ex
742 1166 843 1192 mente
866 1161 963 1199 ipsius
993 1165 1104 1199 poetae
1130 1162 1269 1192 haustum
1295 1170 1374 1191 esse.
1419 1162 1472 1191 Cui
1500 1162 1628 1191 consilio
1659 1162 1803 1200 quoniam
1830 1162 2026 1199 coniungitur
2055 1165 2086 1191 et

233 1221 322 1259 quasi
344 1222 487 1252 cohaeret
508 1222 643 1257 alterum,
667 1221 751 1258 quod
772 1224 820 1250 est
841 1221 880 1250 de
901 1221 1016 1250 tumulo
1041 1220 1183 1257 omnium,
1207 1220 1258 1258 qui
1280 1220 1463 1256 ceciderunt,
1489 1220 1655 1251 communi:
1678 1221 1707 1251 in
1727 1230 1794 1251 eam
1818 1229 1944 1259 quoque
1956 1229 2020 1251 rem
2043 1220 2086 1250 in—

234 1279 414 1316 quirendum
438 1278 557 1315 putavi,
584 1281 616 1307 ut
636 1278 761 1314 singulis
784 1282 929 1314 quantum
957 1278 1022 1306 fieri
1045 1282 1153 1314 posset
1174 1277 1318 1314 expensis
1343 1278 1380 1305 de
1404 1278 1548 1306 universa
1568 1286 1601 1306 re
1624 1282 1818 1308 statueretur.
1863 1280 1969 1308 Dicam
1986 1270 2087 1315 'igitur

234 1346 295 1374 qua
316 1337 432 1367 ratione
454 1331 626 1374 quibusque
646 1335 722 1366 locis
745 1335 851 1366 Graeci
873 1344 929 1366 eos
949 1336 1160 1373 sepelit-erint,
1193 1335 1243 1373 qui
1266 1336 1440 1365 ceciderunt
1460 1335 1489 1365 in
1511 1336 1603 1366 bello.

336 1394 431 1423 Huius
454 1393 497 1423 rei
521 1401 588 1423 cum
613 1392 791 1430 saepissime
811 1393 922 1422 mentio
945 1393 996 1422 ssat
1017 1393 1098 1429 apud
1120 1394 1298 1428 Homerum,
1323 1393 1406 1429 apud
1425 1393 1543 1422 Troiam
1565 1394 1705 1431 sepultos
1727 1401 1799 1423 esse
1820 1402 1893 1430 eos,
1923 1394 1976 1431 qui
1995 1393 2088 1422 inter-

233 1453 410 1487 ficerentur,
434 1451 582 1480 videmus.
625 1452 780 1480 Menelaus
802 1451 826 1480 si
847 1460 886 1480 ex
909 1452 1032 1481 vulnere
1052 1455 1235 1487 moreretur,
1263 1452 1393 1479 futurum
1421 1459 1491 1480 esse
1513 1452 1724 1488 Agamemnon
1748 1452 1821 1481 dicit
1848 1453 1895 1487 (A
1918 1452 1991 1487 175)
2013 1452 2046 1481 ut
2067 1460 2087 1481 a

234 1508 357 1540 Graecis
379 1507 409 1538 in
431 1507 550 1538 Troade
573 1507 754 1546 sepeliretur
776 1511 1064 1546 monumentumque
1086 1506 1152 1537 eius
1177 1506 1263 1537 fieret
1283 1514 1381 1546 prope
1403 1507 1508 1537 urbem
1531 1507 1676 1538 hostium.
1716 1508 1837 1539 Eodem
1860 1509 1931 1539 loco
1953 1508 2085 1548 Ulysses

233 1572 264 1596 et
278 1569 487 1602 Agamemnon
505 1566 530 1594 si
549 1566 746 1600 cecidissent,
769 1566 971 1595 monumentis
988 1566 1150 1594 exstructis
1169 1566 1279 1601 sepulti
1302 1570 1407 1594 essent
1428 1569 1462 1599 (α
1476 1566 1546 1595 239.
1567 1565 1584 1601 ξ
1603 1567 1674 1595 369.
1699 1576 1714 1595 ε
1729 1567 1801 1595 311.
1825 1576 1851 1595 ω
1866 1567 1931 1601 32).
1977 1567 2086 1601 Quam-

234 1625 337 1655 obrem
357 1623 472 1653 Hector
490 1622 674 1652 Graecorum
697 1621 863 1653 fortissimo
886 1630 1010 1660 quoque
1028 1622 1066 1652 ad
1089 1630 1220 1660 pugnam
1244 1626 1429 1659 provocato,
1452 1622 1591 1660 promisit
1612 1622 1638 1653 si
1659 1622 1719 1660 ipsi
1741 1622 1870 1653 victoria
1893 1622 2086 1661 contigisset,

234 1690 268 1711 se
296 1689 410 1717 corpus
439 1680 607 1709 adversarii
631 1680 753 1709 Graecis
781 1681 968 1709 redditurum
997 1688 1083 1715 esse,
1117 1684 1149 1709 ut
1172 1688 1240 1708 eum
1270 1680 1435 1716 sepelirent
1463 1685 1753 1717 monumentumque
1780 1682 1918 1710 tacerent
1947 1682 1985 1710 ad
2013 1681 2086 1710 litus

233 1737 422 1777 Hellesponti
443 1738 492 1774 (H
511 1737 574 1774 85).
619 1738 684 1775 Qua
702 1737 823 1775 quidem
848 1738 876 1768 in
896 1746 929 1768 re
950 1738 1101 1768 Homerus
1123 1737 1202 1767 haud
1231 1737 1321 1768 dubie
1343 1737 1524 1775 significavit
1546 1738 1646 1768 Aiacis
1669 1739 1825 1774 tumulum,
1850 1746 2036 1776 quamquam
2058 1737 2086 1769 is

234 1806 294 1827 non
316 1797 354 1826 ab
381 1796 511 1825 Hectore
541 1795 662 1825 occisus
691 1801 747 1825 est.
792 1796 872 1826 Situs
895 1800 960 1825 erat
985 1796 1014 1825 in
1043 1796 1251 1833 promontorio
1274 1796 1462 1833 Hellesponti
1489 1806 1586 1834 prope
1609 1798 1716 1827 urbem
1738 1798 1925 1832 Rhoeteum,
1959 1805 2021 1826 non
2045 1797 2088 1826 ita

234 1857 326 1892 longo
349 1855 506 1884 intervallo
528 1853 697 1883 disiunctus
717 1862 734 1882 a
755 1853 829 1883 mari
847 1855 983 1891 Aegaeo.
1026 1854 1201 1884 Eustathius
1224 1854 1262 1883 de
1285 1862 1322 1883 ea
1341 1863 1374 1883 re
1397 1854 1470 1884 dicit
1491 1855 1576 1891 (535,
1595 1855 1660 1891 15):
1683 1856 1875 1891 „notandum
1897 1864 1938 1885 ex
1959 1855 2087 1885 histor-w

235 1915 422 1953 „sumpsisse
444 1917 578 1951 poetam,
613 1922 693 1951 quae
718 1913 758 1943 de
785 1911 881 1942 Aiace
905 1921 1002 1952 prope
1026 1911 1247 1951 Hellespontum
1268 1913 1442 1952 sepeliendo
1472 1913 1564 1943 dicit.-
1591 1914 1692 1944 mullis
1716 1915 1795 1944 enim
1821 1913 1945 1944 heroum
1973 1913 2090 1944 ibidem

233 1973 380 2010 „fuerunt
400 1971 560 2008 sepulcra,
588 1972 630 1999 ila
651 1974 682 1998 ul
701 1971 810 2007 procul
834 1971 866 1997 in
896 1974 1057 2007 conspeetu
1083 1975 1180 1999 assent
1202 1971 1439 2008 naviqantibus“
1467 1971 1519 2005 (cs.
1544 1971 1643 1999 Strab.
1664 1972 1741 2005 XIII,
1760 1971 1828 2000 103.
1852 1973 1888 1999 Α.
1905 1971 1977 2000 890.
1999 1972 2087 2000 Eust.

235 2029 305 2066 237,
324 2029 372 2059 16.
394 2028 466 2058 Plin.
486 2029 515 2058 h.
533 2037 562 2058 n.
582 2029 618 2064 V,
639 2027 688 2064 30,
707 2026 787 2063 125).
832 2027 995 2057 Multorum
1017 2027 1143 2058 heroum
1165 2029 1305 2066 sepulcra
1326 2036 1394 2058 cum
1417 2028 1457 2058 ibi
1478 2028 1573 2058 fuisse
1595 2028 1678 2059 dicat
1699 2028 1892 2065 Eustathius,
1916 2036 2089 2066 paucorum

234 2091 350 2117 tanturn
372 2087 494 2115 nomina
516 2086 673 2120 novimus,
696 2088 730 2114 ut
750 2084 892 2119 Patrocli,
914 2085 1054 2121 Achillis,
1072 2085 1224 2114 Antilochi
1245 2089 1280 2124 (y
1304 2086 1371 2115 109.
1395 2096 1421 2115 ω
1444 2087 1525 2121 77).-
1550 2087 1587 2115 Et
1607 2086 1734 2116 Achillis
1758 2087 1883 2123 quidem
1903 2087 2040 2116 tumulus
2059 2086 2088 2115 in

235 2147 326 2185 Sigeo
350 2149 415 2175 erat
436 2145 465 2175 in
487 2145 555 2183 ipso
578 2144 702 2175 introitu
722 2143 911 2181 Hellesponti
953 2145 1038 2180 (Eur.
1050 2144 1125 2174 Hec.
1145 2142 1215 2174 522.
1235 2144 1330 2174 schol.
1352 2143 1427 2175 Plin.
1450 2144 1479 2176 h.
1496 2154 1525 2175 n.
1541 2145 1579 2181 V,
1597 2143 1730 2182 30,125.
1749 2144 1821 2175 Her.
1838 2144 1904 2181 Vll,
1916 2143 1969 2175 94.
1987 2144 2088 2176 Strab.

234 2205 310 2239 XIII,
332 2204 400 2232 110.
418 2204 456 2231 Α.
478 2202 550 2232 896.
578 2202 646 2231 116.
672 2204 709 2231 A.
732 2202 802 2231 900.
835 2201 902 2231 103.
924 2203 960 2230 Α.
983 2200 1053 2231 891.
1075 2203 1150 2230 Xen.
1170 2203 1246 2231 Hell.
1269 2204 1317 2238 ΙΙΙ,
1337 2202 1365 2239 2,
1389 2204 1449 2238 17).
1494 2204 1518 2232 Ε
1541 2203 1667 2240 regione
1697 2203 1780 2239 Sigei
1810 2202 1839 2232 in
1869 2203 2086 2232 Chersonneso

234 2263 326 2293 situm
348 2265 413 2292 erat
435 2261 592 2291 delubrum
610 2259 768 2290 Protesilai
790 2268 888 2298 prope
906 2260 1083 2290 Elaeuntem
1104 2261 1209 2290 urbem
1228 2262 1368 2298 Aeolum,
1390 2261 1441 2291 diu
1463 2261 1494 2291 id
1517 2263 1630 2292 cultum
1652 2270 1671 2291 a
1694 2260 1819 2290 Graecis
1846 2262 2087 2299 opulentumque

235 2318 466 2358 pretiosissimis
486 2318 575 2348 donis
598 2318 703 2354 (Thuc.
725 2318 804 2353 Vlll,
829 2317 897 2347 102.
918 2319 989 2347 Her.
1005 2318 1055 2353 IX,
1080 2318 1148 2347 116.
1170 2319 1234 2354 VII,
1254 2319 1304 2348 33.
1325 2320 1416 2348 Paus.
1440 2320 1461 2355 Ι,
1479 2319 1529 2355 34,
1550 2319 1580 2349 2.
1603 2320 1652 2355 111,
1670 2320 1700 2354 4,
1717 2319 1746 2347 5.
1767 2319 1869 2348 Strab.
1888 2320 1955 2348 vn.
1978 2320 2014 2348 fr.
2037 2318 2084 2346 52.

233 2379 374 2409 Philostr.
392 2379 456 2408 her.
474 2377 502 2407 2.
522 2378 573 2407 Tz.
597 2377 635 2407 ad
654 2378 726 2415 Lyc.
744 2376 827 2413 532).

334 2435 402 2466 Pari
423 2435 515 2465 modo
541 2435 740 2465 Troianorum
764 2442 887 2472 quoque
909 2436 1051 2473 sepulcra
1073 2434 1102 2464 in
1122 2442 1158 2464 ea
1180 2434 1304 2472 regione
1326 2436 1460 2471 suerunt,
1493 2440 1527 2466 ut
1547 2435 1690 2465 Hectoris
1712 2436 1742 2465 in
1766 2443 1803 2465 ea
1825 2436 1914 2471 urbe,
1939 2442 2013 2471 quae
2031 2440 2080 2468 ap-

235 2496 365 2533 pellatur
378 2493 576 2531 Ophrynium,
599 2495 690 2530 unde,
712 2502 780 2524 cum
802 2495 881 2523 fame
903 2497 1112 2531 premerentur
1126 2493 1270 2523 Graeciae
1291 2493 1429 2524 civitates
1453 2494 1568 2525 oraculi
1589 2494 1687 2531 iussu,
1707 2502 1783 2524 ossa
1800 2494 1866 2524 eius
1887 2493 1915 2522 in
1929 2489 2082 2520 Graeciam

236 2554 398 2590 deportata
425 2556 455 2581 et
479 2551 506 2581 in
536 2552 665 2582 Boeotia
692 2553 814 2583 humata
841 2561 911 2583 esse
940 2551 1081 2583 dicuntur
1105 2553 1206 2589 (Paus.
1228 2553 1278 2589 IX,
1303 2551 1351 2588 18,
1381 2554 1410 2582 4.
1440 2554 1479 2582 ad
1506 2553 1544 2583 N
1571 2553 1598 2582 1.
1628 2552 1681 2583 Tz.
1705 2553 1745 2582 ad
1777 2553 1849 2590 Lyc.
1881 2547 1966 2577 1194.
1991 2546 2082 2577 1208·

235 2610 336 2640 Strab.
358 2611 435 2646 ΧΙΙΙ,
459 2611 528 2640 103.
550 2613 588 2641 Α.
605 2610 690 2646 889).
716 2612 872 2643 Hecubam
894 2611 924 2641 in
944 2610 1157 2642 Chersonneso
1180 2619 1278 2649 prope
1300 2611 1492 2649 Cynossema
1513 2612 1551 2642 ab
1576 2611 1691 2650 Ulysse
1720 2612 1866 2649 sepultam
1887 2613 1958 2635 esse
1976 2610 2082 2636 notum

1740 2668 1758 2695 2
