2304 2831
1168 45 1186 73 7

245 141 273 170 ei
292 140 394 170 honos
416 139 581 168 haberetur
602 136 834 172 (11431—458.
850 136 1039 172 666—683).
1083 137 1177 167 Multa
1197 140 1268 167 sunt
1287 136 1316 166 in
1338 135 1385 165 his
1401 133 1556 171 versibus,
1580 141 1660 171 quae
1676 133 1814 169 legentes
1830 136 1996 162 morentur.
2040 133 2114 164 Nam

246 207 315 228 eum
343 197 391 227 hic
413 197 488 226 Iuno
522 199 615 232 atque
642 195 753 231 Apollo
782 194 864 231 apud
884 195 987 224 Iovem
1008 194 1037 224 in
1059 196 1112 224 Ida
1138 198 1242 226 monte
1267 194 1340 230 sint,
1374 194 1478 232 paullo
1508 200 1585 222 vero
1615 198 1710 229 supra
1738 190 1767 220 in
1795 191 1884 220 coelo
1907 190 2002 220 altera
2027 191 2117 222 fuerit

247 258 323 287 alter
346 255 429 294 apud
450 253 615 289 Troianos,
649 253 844 283 statuendum
872 257 920 284 est
947 258 999 284 aut
1019 262 1080 284 non
1102 253 1230 292 respici,
1261 262 1339 292 quae
1361 253 1455 283 modo
1481 251 1562 282 dicta
1584 249 1659 287 sint,
1683 252 1737 280 aut
1757 248 1884 287 intelligi
1907 249 2018 280 factum
2041 258 2113 281 esse

245 307 376 351 aliquid,
401 314 457 342 etsi
483 321 545 341 non
563 316 711 341 narretur.
756 312 832 348 Quid
854 320 949 349 porro
971 312 1105 349 Apollini
1127 320 1288 341 commune
1311 320 1379 341 cum
1402 312 1544 340 mortuo?
1588 309 1641 346 qui
1659 310 1737 338 deus
1762 316 1832 337 cum
1853 315 1978 344 semper
2000 309 2040 338 sit
2059 318 2114 346 pu-

245 371 386 401 rissimus
410 371 563 408 longeque
588 373 724 400 remotus
749 378 768 399 a
789 368 934 400 sordibus
956 369 1163 406 morientium,
1193 369 1240 400 sui
1263 369 1351 408 quasi
1373 370 1440 408 ipse
1463 368 1586 404 oblitus,
1610 365 1802 405 Sarpedonis
1825 373 1941 404 corpus
1963 369 2114 397 tractasse

245 439 336 460 manu
352 434 383 459 et
397 438 477 465 aqua
494 430 616 458 admota
638 429 772 458 abluisse
791 428 933 458 creditur.
977 430 1082 465 Neque
1102 437 1176 458 vero
1196 428 1375 458 subditicios
1399 425 1635 457 existimaverim
1656 426 1714 456 hos
1731 434 1853 461 versus,
1875 429 1910 455 ut
1923 425 2115 460 Zenodotus‚

247 487 300 526 qui
324 491 377 517 aut
397 495 504 517 omnes
526 490 578 517 aut
601 490 684 516 certe
706 486 853 524 plurimos
874 486 992 524 virgula
1016 486 1143 517 notavit.
1188 486 1220 516 Si
1244 487 1323 517 enim
1346 487 1501 523 abessent,
1523 484 1593 514 nihil
1617 482 1731 514 dictum
1752 487 1839 514 esset
1856 483 1897 513 de
1920 482 2112 521 Sarpedonis

248 554 395 584 corpore,
426 547 464 576 de
487 554 548 583 quo
570 545 692 575 omnino
714 545 877 575 dicendum
901 548 958 575 est.
1001 545 1064 574 Nisi
1088 545 1167 574 forte
1190 553 1274 575 arma
1296 545 1377 583 cepit
1397 545 1572 580 Patroclus,
1603 551 1717 581 corpus
1741 551 1798 572 nec
1821 543 1890 581 ipse
1913 543 2033 572 curavit
2054 550 2112 572 nec

246 603 366 634 Troiani
395 604 577 635 Glaucusve.
622 604 705 640 Quae
734 602 804 632 mihi
831 603 954 640 quidem
982 603 1049 633 sola
1080 602 1199 632 videtur
1220 611 1292 633 esse
1320 603 1396 633 ratio
1419 601 1607 640 explicandi,
1637 605 1741 639 potest
1766 609 1803 631 ea
1826 600 1978 631 Eustathii
2008 600 2111 630 verbis

246 661 369 699 exponi,
394 670 576 699 quamquam
599 661 625 691 is
646 661 694 690 vir
714 661 752 690 de
771 660 915 691 universa
935 668 969 690 re
991 660 1078 690 aliter
1100 664 1191 697 atque
1214 669 1272 698 ego
1293 661 1447 690 iudicavit.
1492 661 1685 690 Transferam
1702 663 1803 690 autem
1826 667 1906 698 quae
1933 658 2041 695 (1090,
2059 658 2113 694 48)

246 720 321 750 dixit
343 729 382 750 ex
406 721 522 750 Graeco
551 720 581 749 in
605 719 756 749 Latinum:
792 717 989 756 „Notandum
1014 723 1059 748 est
1087 717 1211 748 Homeri
1238 719 1295 749 has
1316 729 1381 750 esse
1405 720 1661 751 ratiocinationes.
1705 717 1785 749 Nam
1808 727 1894 756 cum,
1925 723 1960 748 ut
1979 718 2112 754 videtur,

244 779 360 815 „sciret
382 778 495 816 (neque
517 778 595 807 enim
616 778 644 806 si
664 781 827 815 quaereret
848 776 974 815 difficile
996 780 1063 805 erat
1083 776 1181 813 scire)
1208 777 1239 805 in
1262 775 1358 815 Lycia
1386 778 1535 815 sepultum
1562 786 1629 806 esse
1650 775 1878 814 Sarpedonem,
1906 777 1942 805 id
1963 776 2114 813 quomodo

244 836 381 874 „factum
407 839 485 866 esset
515 835 720 867 consideranti
740 835 772 863 in
800 830 928 864 mentem
949 834 1044 869 venit,
1074 833 1143 872 fieri
1162 835 1299 872 potuisse
1320 839 1351 865 ut
1378 835 1463 864 vivus
1485 844 1502 865 e
1521 843 1624 873 puyna
1646 829 1811 873 raperetur
1839 834 1981 873 domique
2000 841 2113 872 supre—

245 902 346 930 „mum
368 894 447 923 diem
465 893 570 922 obiret.
618 892 699 921 Vidit
717 895 818 921 autem
840 890 989 921 Homerus
1010 892 1044 920 id
1062 901 1121 921 non
1140 892 1257 930 factum
1279 902 1346 922 esse
1369 892 1474 929 (aliter
1495 893 1573 921 enim
1594 893 1817 931 narrabatur),
1840 892 1898 921 sed
1919 900 1987 921 eum
2007 892 2113 930 potius

246 951 446 988 „occubuisse
474 960 541 980 cum
566 950 659 980 laude
680 951 712 979 in
739 958 860 988 pugna,
890 950 1016 985 deinde,
1046 954 1077 979 ut
1096 950 1236 980 dicturus
1258 954 1317 986 est,
1347 959 1459 988 corpus
1485 951 1550 980 eius
1571 951 1644 980 illuc
1665 951 1799 980 delatum
1820 951 1921 980 σωκ*
1964 948 2111 979 Nimirum

246 1007 325 1038 enim
347 1009 444 1038 sensit
462 1006 624 1042 Homerus,
645 1012 678 1037 ut
698 1011 782 1037 recte
801 1007 978 1037 Eustathius
999 1007 1155 1043 intellexit,
1177 1016 1292 1044 eorum,
1317 1008 1369 1045 qui
1391 1008 1472 1046 apud
1490 1008 1609 1037 Troiam
1631 1007 1782 1037 interfecti
1805 1010 1920 1043 essent,
1940 1006 1969 1036 in
1991 1007 2042 1036 illa
2063 1015 2110 1037 re-

245 1067 335 1104 gione
355 1067 475 1097 ostendi
497 1067 648 1104 sepulcra,
671 1075 733 1097 non
755 1065 858 1096 Aiacis
880 1066 973 1097 modo
986 1066 1169 1097 Hectorisve
1192 1066 1247 1097 sed
1269 1067 1357 1098 etiarn
1381 1067 1518 1103 aliorum,
1542 1066 1593 1104 qui
1613 1071 1643 1097 et
1663 1067 1761 1105 gradu
1780 1065 1936 1104 dignitatis
1959 1070 1990 1096 et
2012 1065 2109 1096 virtu-

244 1124 283 1154 tis
305 1125 394 1154 laude
416 1126 509 1154 multo
532 1124 692 1154 inferiores
716 1127 835 1160 essent,
867 1128 901 1154 ut
919 1125 1064 1153 Pandari:
1095 1124 1283 1161 Sarpedonis
1305 1134 1379 1155 vero
1404 1133 1465 1154 non
1493 1125 1524 1154 in
1552 1125 1671 1154 Troade
1699 1132 1770 1154 esse
1798 1127 2029 1153 monumentum
2051 1124 2109 1154 sed

245 1181 274 1211 in
302 1181 395 1219 Lycia
413 1190 512 1220 prope
533 1182 686 1211 Xanthum
707 1182 823 1217 urbem,
847 1185 881 1211 ut
901 1182 974 1211 dicit
994 1181 1157 1219 Appianus
1180 1183 1222 1218 (b.
1247 1191 1273 1212 c.
1295 1183 1347 1219 IV,
1371 1182 1433 1219 79).
1478 1182 1565 1219 Quod
1588 1182 1639 1219 qui
1661 1183 1774 1211 sactum
1797 1185 1891 1217 esset,
1914 1181 1974 1211 nisi
1996 1181 2108 1219 proba·

246 1239 346 1269 biliter
371 1240 538 1277 explicaret
560 1243 668 1278 poeta,
696 1240 862 1269 timendum
884 1245 949 1269 erat
973 1248 1012 1269 ne
1034 1239 1193 1270 audientes
1217 1249 1278 1270 non
1300 1241 1474 1276 crederent,
1506 1249 1584 1278 quae
1613 1243 1761 1270 narraret.
1806 1239 1887 1269 Satis
1910 1239 1991 1269 enim
2014 1244 2107 1270 notus

246 1302 310 1326 erat
338 1306 411 1334 ager
438 1298 586 1327 Troianus
613 1299 785 1334 plenusque
812 1297 1019 1332 documentis,
1047 1298 1086 1327 ad
1109 1307 1202 1334 quae,
1239 1307 1306 1328 cum
1331 1303 1361 1328 et
1386 1307 1459 1327 vera
1483 1298 1570 1328 facile
1591 1298 1759 1334 probarent
1781 1302 1812 1326 et
1832 1298 1911 1326 salsa
1931 1299 2110 1334 refutarent,

245 1354 377 1383 debebat
397 1358 489 1391 poeta
512 1363 602 1392 quam
624 1354 724 1392 potuit
743 1353 873 1383 maxime
894 1354 1128 1384 accommodare
1148 1363 1233 1385 suam
1255 1356 1468 1385 narrationem.
1513 1354 1606 1392 Atqui
1629 1362 1697 1384 cum
1721 1362 1800 1390 eum,
1826 1354 1914 1384 cuius
1929 1355 2107 1393 sepulcrum

244 1413 274 1441 in
292 1412 385 1450 Lycia
407 1417 505 1448 esset,
527 1416 703 1442 narraturus
727 1416 811 1442 esset
831 1421 849 1441 a
869 1413 1009 1442 Patroclo
1034 1413 1170 1443 occisum
1190 1423 1261 1444 esse
1283 1415 1364 1451 apud
1385 1414 1513 1449 Troiam,
1542 1412 1630 1442 finxit
1650 1414 1754 1442 Iovem
1774 1413 1928 1442 dolentem
1948 1413 1988 1442 de
2011 1418 2110 1443 morte

245 1470 296 1500 filii
319 1474 348 1500 et
368 1469 397 1500 in
415 1470 537 1508 Lyciam
560 1469 793 1499 transferentem
815 1477 928 1508 corpus
951 1470 1076 1500 mortui:
1099 1471 1151 1509 qui
1170 1471 1196 1502 si
1218 1481 1278 1502 non
1302 1472 1440 1510 sepultus
1464 1471 1518 1502 suit
1539 1471 1620 1510 apud
1639 1469 1769 1507 Troiam,
1792 1470 1933 1509 proiecto
1948 1479 2007 1501 nec
2029 1470 2110 1502 ceci-

246 1529 288 1558 dit
308 1529 337 1558 in
362 1537 398 1557 ea
419 1528 545 1565 regione
565 1536 622 1557 nec
643 1537 777 1565 unquam
799 1537 866 1558 cum
891 1529 1027 1558 exercitu
1050 1522 1089 1559 ad
1109 1530 1258 1560 Priamum
1282 1530 1373 1559 venit.

347 1578 516 1623 Est'igitur
539 1586 617 1615 inter
640 1585 751 1615 auxilia
775 1585 974 1616 Troianorum
1000 1587 1091 1623 plane
1120 1587 1178 1617 alia
1200 1587 1275 1617 ratio
1305 1588 1453 1617 Thracum
1481 1592 1511 1617 et
1534 1587 1708 1626 Lyciorum.
1753 1587 1824 1617 illos
1853 1586 2106 1624 consanguineos

245 1643 423 1680 amicosque
444 1643 558 1673 veteris
581 1644 736 1673 societatis
757 1643 911 1673 vinculum
936 1644 1021 1673 duxit
1040 1645 1176 1680 Troiam,
1203 1650 1236 1675 ut
1261 1654 1352 1682 opem
1374 1646 1488 1674 ferrent
1506 1645 1586 1675 suis:
1614 1646 1672 1675 hos
1694 1646 1777 1674 nulla
1799 1645 1972 1675 necessitas
1995 1645 2108 1682 coegit,

245 1702 300 1732 sed
320 1705 413 1739 poeta
435 1701 521 1731 finxit
542 1700 662 1731 Troiam
682 1701 814 1737 venisse,
838 1710 905 1731 cum
928 1701 999 1731 nihil
1021 1703 1080 1732 tale
1102 1702 1257 1733 fecissent.
1302 1702 1390 1740 Quod
1420 1712 1480 1740 quo
1508 1703 1670 1733 dilucidius
1700 1707 1882 1741 exponatur,
1907 1711 1945 1733 ea
1967 1703 2112 1733 conside-

244 1760 329 1793 rabo,
352 1767 431 1795 quae
452 1759 535 1795 apud
545 1759 708 1787 Homerum
733 1767 801 1787 cum
824 1759 1012 1795 Sarpedonis
1033 1761 1125 1789 rebus
1149 1761 1188 1789 ita
1211 1760 1444 1796 coniunguntur,
1466 1765 1499 1789 ut
1521 1761 1658 1797 separari
1680 1769 1741 1790 non
1762 1761 1893 1797 possint.
1938 1761 2109 1790 Dicendum

244 1816 334 1853 igitur
352 1820 399 1846 est
418 1816 456 1845 de
480 1824 582 1852 muro,
610 1825 671 1853 quo
702 1816 820 1846 decimo
849 1816 920 1846 belli
941 1825 1021 1847 anno
1047 1818 1154 1848 Graeci
1181 1823 1281 1848 castra
1307 1826 1364 1848 sua
1393 1818 1668 1847 circumdederunt.
1713 1818 1786 1848 Eius
1809 1819 1889 1848 enim
1917 1819 2112 1856 oppugnatio

243 1873 374 1903 maxime
394 1875 475 1903 facta
502 1878 551 1903 est
572 1882 590 1903 a
610 1873 721 1911 Lyciis.

348 1932 443 1962 Multa
466 1935 552 1961 erant
574 1932 654 1970 apud
676 1932 850 1968 Homerum,
875 1941 954 1970 quae
979 1942 1033 1963 cur
1053 1933 1094 1963 ita
1116 1935 1194 1964 sacta
1217 1938 1322 1964 essent
1342 1937 1525 1971 quaererent
1545 1938 1680 1964 veteres:
1705 1943 1759 1965 cur
1779 1944 1841 1965 non
1865 1935 2031 1973 incipiente
2054 1937 2112 1966 sed

243 1998 342 2027 prope
363 1991 500 2027 perfecto
523 1991 603 2019 bello
625 1994 859 2019 recenserentur
885 1999 996 2028 naves,
1021 1992 1143 2028 populis
1172 1991 1430 2028 distinguerentur
1458 1996 1645 2030 pugnantes,
1673 2000 1728 2022 cur
1753 1992 1891 2022 Priamus
1921 1995 2111 2024 Graecorum

245 2049 340 2078 duces
363 2048 467 2077 decem
493 2047 552 2077 iam
569 2056 666 2077 annos
686 2047 786 2085 ipsum
801 2053 1014 2086 oppugnantes
1033 2058 1094 2079 non
1111 2053 1227 2085 nosset,
1250 2049 1306 2080 sed
1325 2050 1471 2079 Helenam
1491 2055 1725 2087 percontaretur
1744 2051 1783 2080 de
1806 2050 1997 2088 singulorum
2015 2053 2112 2083 nomi—

244 2105 347 2140 nibus,
373 2113 428 2134 cur
448 2105 583 2135 Achilles
604 2106 797 2142 potissimum
824 2106 850 2135 is
871 2110 969 2142 esset,
999 2106 1050 2143 qui
1072 2107 1219 2137 concione
1246 2112 1356 2137 vocata
1377 2107 1568 2144 pestilentiae
1589 2109 1811 2138 occurrendum
1833 2114 1992 2139 censeret:
2010 2111 2110 2140 multa

245 2161 376 2200 denique
403 2161 519 2192 similia.
565 2163 648 2201 Quae
671 2163 792 2201 quidem
820 2163 919 2194 omnia
941 2164 978 2194 ab
1000 2163 1057 2195 illis
1086 2173 1147 2195 non
1164 2173 1208 2201 ea,
1233 2173 1293 2202 qua
1314 2173 1372 2196 nos
1394 2164 1422 2195 in
1445 2165 1495 2195 tali
1517 2174 1551 2196 re
1572 2174 1742 2203 versamur,
1765 2165 1884 2198 ratione
1907 2167 2108 2207 explicantur.

244 2222 306 2250 Nos
334 2220 413 2249 enim
438 2220 556 2250 etiamsi
581 2221 717 2250 Priamus
744 2222 841 2259 primo
871 2230 950 2251 anno
981 2223 1164 2251 Graecorum
1187 2222 1310 2252 nomina
1335 2224 1373 2252 ab
1395 2224 1512 2252 Helena
1534 2224 1750 2261 quaesivisset,
1773 2224 1862 2253 facile
1885 2233 1953 2254 eam
1975 2230 2110 2264 potesta-

244 2282 305 2309 tem
326 2282 438 2317 poetae
459 2279 708 2316 concederemus,
721 2284 754 2310 ut
765 2283 912 2311 statueret
932 2280 1051 2311 decimo
1073 2289 1152 2311 anno
1175 2280 1205 2310 id
1228 2281 1339 2312 sactum
1359 2290 1446 2312 esse:
1468 2291 1531 2312 non
1553 2282 1633 2313 enim
1653 2282 1773 2319 iisdem,
1790 2282 1903 2321 quibus
1918 2294 2020 2316 rerum
2035 2284 2107 2315 scri-

242 2341 374 2374 ptorem,
388 2341 513 2375 poetam
528 2338 645 2374 legibus
668 2338 843 2367 adstrictum
866 2347 937 2368 esse
959 2343 1110 2375 putamus,
1133 2340 1188 2368 sed
1203 2340 1369 2369 dummodo
1383 2348 1422 2370 ne
1433 2340 1561 2370 ridicula
1576 2341 1625 2369 vel
1646 2341 1806 2371 dissimilia
1826 2343 1892 2372 veri
1903 2347 2014 2377 narret,
2036 2349 2102 2370 eum

242 2402 345 2425 rerum
368 2394 506 2425 ordinem
528 2395 565 2425 ab
586 2404 622 2426 eo
646 2397 788 2427 volumus
808 2395 930 2434 institui,
954 2397 1006 2435 qui
1026 2397 1155 2428 maxime
1173 2398 1291 2436 placeat
1312 2397 1513 2436 proximeque
1532 2399 1660 2429 accedat
1681 2400 1721 2430 ad
1741 2400 2004 2438 pulchritudinem.
2038 2398 2100 2427 Non

241 2453 333 2489 igitur
352 2453 571 2491 vituperamus,
594 2456 678 2492 quod
699 2464 760 2485 non
781 2456 878 2493 primo
898 2465 979 2485 anno
995 2456 1129 2485 Priamus
1153 2457 1191 2485 de
1205 2456 1299 2485 Aiace
1319 2457 1492 2494 ceterisque
1510 2458 1713 2495 quaesiverit,
1743 2459 1800 2489 sed
1817 2460 2001 2488 delectamur
2016 2454 2099 2491 quod

244 2511 427 2542 suavissime
454 2512 591 2542 narravit
616 2517 710 2550 poeta
735 2514 853 2544 decimo
880 2514 911 2542 id
939 2522 1018 2543 anno
1048 2522 1116 2543 eum
1145 2514 1265 2543 fecisse.
1308 2516 1439 2545 Veteres
1471 2524 1546 2545 vero
1574 2515 1726 2547 Priamum
1750 2526 1790 2547 ne
1817 2516 1950 2555 potuisse
1978 2512 2101 2549 quidem

243 2572 332 2597 antea
351 2577 516 2605 quaerere,
545 2579 636 2607 quam
658 2579 719 2608 quo
742 2563 881 2608 tempore
908 2570 1025 2608 quaerit
1051 2572 1132 2608 apud
1153 2572 1334 2608 Homerum,
1358 2572 1545 2609 argumentis
1568 2573 1739 2612 desumptis
1762 2583 1779 2604 e
1800 2575 1888 2603 rebus
1910 2570 2016 2607 gestiS,
2038 2577 2103 2599 non

243 2627 453 2664 spectantibus
474 2629 513 2658 ad
533 2629 768 2666 pulchritudinis
789 2638 915 2660 sensum
932 2630 1144 2660 demonstrare
1165 2629 1279 2666 eonati,
1314 2631 1371 2659 hac
1393 2632 1460 2661 sola
1481 2630 1601 2662 ratione
1627 2641 1725 2670 posse
1754 2627 1889 2662 excusari
1917 2633 2041 2666 poetam
2064 2627 2105 2658 si-
