2445 2895
1151 77 1169 105 4

229 172 267 193 ea
287 164 446 195 ducerent.
490 165 555 194 Hac
574 164 665 202 igitur
686 165 716 194 in
739 173 773 195 re
792 165 944 196 Homerus
965 166 1117 204 cumipse
1139 175 1190 196 res
1210 170 1314 203 gestas
1332 166 1370 195 ad
1393 165 1548 195 veritatem
1572 173 1715 195 narrasse
1732 165 1867 202 videtur,
1892 170 1952 196 tum
1972 167 2096 203 egregie

231 222 394 252 confirmat
412 231 465 258 ea,
492 231 571 260 quae
593 224 631 252 ab
653 223 813 252 Herodoto
836 224 966 261 aliisque
994 224 1089 260 (Ποῖα,
1117 233 1226 261 magna
1252 228 1411 253 auctorum
1433 223 1575 260 penuria,
1601 223 1690 253 nobis
1720 223 1812 256 dubia
1839 223 1934 253 videri
1962 224 2093 260 possint.

231 281 387 317 Quaenam
411 289 485 310 vero
508 280 620 310 fuerint
640 281 732 310 sedes
751 281 921 317 Paeonum,
945 291 1024 319 quae
1044 286 1151 319 gentes
1173 290 1292 317 earum,
1316 289 1395 318 quae
1407 281 1562 310 Thraciam
1583 281 1774 312 incoluerunt
1804 280 1833 311 in
1847 280 2019 311 Paeonibus
2040 290 2093 311 nu-

231 338 397 368 merandae
419 338 495 374 sint,
527 337 579 376 qui
608 337 740 376 denique
766 338 914 369 Thraciae
942 339 1048 378 populi
1077 348 1115 370 ex
1142 339 1217 370 Asia
1241 338 1330 370 simul
1360 347 1427 369 cum
1449 337 1620 368 Paeonibus
1647 338 1714 369 sive
1736 339 1860 369 Teucris
1883 338 1913 368 in
1935 339 2091 376 Europam

230 395 393 426 transiisse
414 395 590 430 videantur,
614 397 686 425 nolo
708 397 757 426 hic
779 405 816 426 ea
834 399 995 436 persequi,
1019 407 1202 435 quamquam
1226 397 1251 427 si
1275 397 1342 434 quis
1364 397 1392 426 in
1416 397 1535 433 singula
1554 396 1761 432 inquisiverit,
1785 399 1878 427 multa
1900 397 2034 426 inveniet
2053 397 2092 425 ad

232 454 325 483 fidem
348 454 524 483 firmandam
546 462 661 489 eorum,
685 464 764 491 quae
787 455 931 485 universe
953 456 1053 493 posui.
1098 456 1196 493 Prope
1216 455 1327 484 Axium
1351 455 1606 492 Strymonemque
1620 455 1759 485 Paeones
1780 454 1937 486 habitasse
1961 458 2092 490 constat,

233 510 421 540 Chalcidices
444 514 560 546 partem
583 512 740 546 quondam
762 516 928 542 tenuerunt
948 522 1015 542 eam
1038 513 1179 547 maxime,
1204 520 1281 548 quae
1303 512 1340 540 ad
1363 511 1461 540 sinum
1472 511 1681 540 Thermaicum
1704 515 1832 548 spectat,
1855 512 1891 541 iis
1913 520 2004 548 porro
2021 519 2092 548 gen-

232 567 331 604 tibus,
359 576 437 606 quae
459 572 630 601 secundum
657 579 740 601 mare
771 571 841 600 inde
864 572 902 600 ab
926 571 1005 600 ostio
1035 571 1206 609 Strymonis
1230 578 1327 607 usque
1349 569 1386 598 ad
1408 569 1541 598 Hebrum
1564 568 1741 606 sinumque,
1765 569 1816 606 qui
1837 573 1967 599 vocatur
1985 570 2092 604 Melas,

232 625 459 664 habitaverunt,
483 633 516 659 ut
538 629 664 666 regione
688 628 780 657 vicini
802 628 846 657 sic
868 628 1095 666 propinquitate
1118 628 1268 658 coniuncti
1291 627 1429 657 videntur
1452 626 1556 656 fuisse.

337 685 360 713 E
385 685 453 716 sinu
476 686 656 716 Thermaico
679 685 791 716 auxilia
811 686 931 715 Troiam
954 686 1076 715 venisse
1099 686 1202 721 etiam,
1225 685 1274 722 qui
1297 683 1525 721 diligentissime
1548 683 1680 713 omnium
1703 684 1742 713 de
1767 683 1803 713 iis
1830 684 1922 713 rebus
1937 683 2092 720 exposuit,

234 741 407 772 Hellanicus
439 745 536 782 (apud
561 744 651 774 Dion.
674 745 711 773 A.
733 745 769 773 R.
792 745 814 779 1,
836 745 891 780 47)
917 743 1004 773 testis
1031 748 1086 773 est.
1138 746 1165 773 A
1191 743 1329 773 Crusaeis
1354 742 1431 772 enim
1460 746 1551 778 gente
1572 741 1699 771 Thracia
1722 741 1751 770 in
1778 742 1900 771 Pallene
1931 740 2092 778 peninsula

233 799 386 830 habitante
414 802 506 840 longe
533 802 683 832 acerrimo
714 801 817 832 studio
839 801 990 831 Priamum
1018 801 1227 838 Troianosque
1257 801 1378 830 adiutos
1407 808 1478 830 esse
1499 800 1585 836 dicit,
1617 801 1721 837 quoad
1749 800 1861 829 bellum
1881 803 1980 835 esset,
2001 798 2092 828 Troia

235 867 307 889 vero
330 865 419 898 capta
439 863 578 891 Aeneam
598 869 668 891 cum
695 860 800 898 paucis
830 861 993 898 profugum
1012 861 1110 890 classe
1139 860 1178 889 ad
1199 860 1338 890 Pallenen
1366 859 1494 896 appulsa
1517 858 1646 896 benigne
1673 867 1692 888 a
1717 858 1859 889 Crusaeis
1877 861 2040 897 exceptum
2059 857 2090 888 in

233 925 270 947 ea
287 917 414 954 regione
437 918 617 949 condidisse
639 919 747 949 urbem
770 921 922 948 Aeneam:
953 918 982 947 in
1011 926 1072 954 qua
1094 917 1214 954 quidem
1236 917 1324 947 etiam
1349 917 1551 947 Romanorum
1574 916 1762 954 temporibus
1784 917 1812 947 ei
1834 917 1935 947 honos
1956 916 2090 946 habeba·

233 980 281 1005 tur
304 981 336 1006 ut
358 977 520 1006 conditori.
567 978 773 1007 Crusaeorum
798 986 910 1007 nomen
935 986 996 1006 non
1019 977 1110 1006 habet
1130 977 1293 1011 Homerus,
1314 977 1369 1006 sed
1392 975 1509 1005 videtur
1535 984 1590 1005 eos
1612 975 1767 1006 Paeonum
1794 985 1922 1006 numero
1951 984 2089 1013 compre—

234 1033 385 1070 hendere,
408 1042 488 1072 quos
505 1034 694 1072 Pyraechme
715 1038 745 1063 et
766 1035 960 1072 Asteropaeo
984 1033 1112 1063 ducibus
1135 1033 1171 1062 ab
1192 1033 1269 1062 Axio
1293 1033 1384 1062 fluvio
1407 1032 1525 1062 Troiam
1546 1032 1669 1062 venisse
1691 1033 1773 1062 dicit.
1816 1035 1939 1064 Praeter
1950 1034 2090 1063 Paeones

235 1092 364 1122 Cicones
390 1097 626 1128 commemorat,
653 1102 732 1129 quos
756 1097 827 1130 post
848 1093 967 1122 Troiam
997 1093 1126 1121 deletam
1154 1092 1273 1121 rediens
1296 1093 1424 1129 Ulysses
1453 1092 1534 1121 ultus
1561 1095 1621 1121 est:
1652 1092 1784 1129 denique
1813 1102 1893 1130 quos
1921 1092 2044 1123 nomine
2072 1099 2091 1121 a

234 1153 314 1178 terra
335 1150 428 1179 ducto
452 1150 587 1179 Thraces
613 1154 705 1179 vocat
726 1149 964 1187 Hellespontios.
1008 1150 1122 1178 Horum
1145 1149 1204 1178 dux
1226 1148 1279 1178 luit
1293 1149 1399 1179 Pirous
1415 1148 1542 1178 Imbrasi
1565 1148 1645 1178 tilius
1664 1150 1754 1179 Aeno
1776 1149 1924 1179 oriundus
1946 1151 1992 1185 (A
2003 1149 2092 1186 520).

233 1208 301 1237 Fuit
327 1213 430 1238 autem
456 1210 562 1238 Aenus
584 1216 710 1245 regnum
739 1208 855 1245 Poltyis
879 1208 1052 1242 cuiusdam,
1073 1207 1124 1244 qui
1147 1211 1178 1236 ut
1200 1207 1308 1236 bellum
1339 1207 1473 1237 nondum
1496 1211 1636 1244 coeptum
1667 1213 1881 1245 componeret,
1906 1216 1975 1238 cum
2000 1206 2091 1244 legati

233 1265 435 1296 Troianorum
449 1267 699 1303 Graecorumque
722 1265 761 1294 ad
783 1273 852 1294 eum
876 1265 1040 1299 venissent,
1064 1264 1201 1302 promisit
1221 1265 1296 1294 duas
1319 1274 1351 1294 se
1373 1266 1512 1302 pulchras
1535 1266 1660 1295 seminas
1674 1265 1773 1295 Paridi
1796 1266 1938 1295 daturum
1960 1274 2040 1300 esse,
2064 1265 2090 1295 si

234 1323 260 1354 is
281 1324 428 1354 Helenam
446 1325 585 1354 Menelao
608 1323 804 1354 reddidisset.

320 1383 382 1410 Nec
404 1382 553 1411 societate
572 1382 664 1411 modo
683 1381 723 1410 ad
742 1381 853 1409 bellum
873 1381 1058 1409 Graecorum
1081 1380 1312 1415 defendendum,
1334 1381 1389 1410 sed
1411 1381 1498 1410 etiam
1521 1390 1589 1410 cum
1608 1382 1790 1411 commercio
1809 1383 1848 1411 ad
1864 1387 1987 1412 mutuos
2010 1382 2090 1411 vitae

234 1449 311 1470 usus
332 1444 395 1470 tum
417 1439 579 1470 connubiis
604 1439 737 1469 Thraces
760 1437 897 1470 Troianis
921 1437 1074 1468 coniuncti
1097 1438 1226 1468 suerunt.
1268 1438 1403 1468 Priamus
1424 1438 1490 1476 ipse
1518 1440 1635 1477 legatus
1664 1440 1703 1469 ad
1725 1440 1858 1471 Thraces
1881 1439 1993 1470 missus
2016 1440 2091 1470 mul-

234 1498 272 1527 tis
298 1507 366 1527 cum
387 1498 479 1527 donis
502 1498 573 1527 inde
595 1498 728 1527 redierat
750 1498 797 1534 (Ω,
807 1497 895 1532 234);
920 1496 984 1525 eius
1008 1496 1086 1525 filius
1104 1497 1238 1526 Helenus
1258 1497 1358 1533 gladio
1381 1497 1408 1526 in
1432 1507 1535 1534 pugna
1554 1498 1646 1528 utitur
1666 1499 1793 1528 Thracio
1812 1499 1863 1534 (N
1881 1499 1972 1534 577):
1993 1506 2089 1535 saepe

233 1555 367 1593 denique
389 1555 510 1587 nobiles
531 1556 653 1586 Troiani
674 1564 788 1586 uxores
808 1556 961 1585 duxerunt
983 1563 999 1583 e
1020 1554 1154 1584 Thracia.
1198 1555 1243 1584 Ex
1266 1555 1374 1592 quibus
1396 1556 1517 1586 Theano
1539 1556 1600 1586 filia
1622 1556 1717 1586 Cissei
1738 1557 1835 1595 reguli
1854 1556 1986 1592 Thracii,
2010 1564 2090 1586 uxor

231 1614 414 1651 Antenoris,
444 1624 506 1645 non
532 1615 763 1653 peregrinarum
788 1614 844 1644 sed
864 1613 974 1643 civium
999 1613 1063 1643 iure
1089 1613 1196 1643 Troiae
1219 1613 1304 1649 vixit,
1334 1614 1526 1645 sanctissimo
1549 1615 1702 1646 Minervae
1725 1615 1856 1646 Poliadis
1879 1615 2019 1653 praedita
2040 1623 2088 1646 sa-

231 1672 369 1703 cerdotio
399 1673 439 1709 (Z
461 1672 532 1703 300.
556 1673 587 1703 A
608 1672 692 1709 223).
735 1672 828 1702 Filius
856 1671 966 1701 deinde
994 1671 1058 1701 eius
1088 1671 1258 1709 Iphidamas
1281 1672 1310 1702 in
1334 1672 1459 1702 Thracia
1481 1673 1563 1710 apud
1583 1682 1674 1703 avum
1695 1682 1713 1703 a
1731 1682 1827 1712 parvo
1850 1675 1995 1711 eductus,
2019 1682 2088 1705 cum

230 1731 334 1760 matris
354 1739 494 1760 sororem
515 1731 544 1759 in
564 1731 787 1761 matrimonium
811 1730 959 1765 duxisset,
982 1731 1060 1759 bello
1083 1730 1204 1759 demum
1220 1730 1360 1760 inchoato
1384 1731 1545 1760 duodecim
1566 1732 1696 1762 navibus
1713 1732 1831 1762 Troiam
1854 1733 1951 1769 rediit,
1973 1738 2005 1763 ut
2023 1733 2089 1763 suis

230 1788 342 1819 auxilio
371 1793 464 1819 esset.
510 1789 603 1826 Quid,
631 1790 716 1827 quod
738 1788 876 1819 Priamus
901 1788 968 1826 ipse
997 1796 1124 1818 uxorem
1148 1787 1251 1817 habuit
1278 1787 1471 1818 Castianiram
1493 1791 1630 1828 Aesyme
1651 1790 1795 1820 Thraciae
1817 1791 1893 1821 urbe
1917 1791 2087 1827 oriundam,

229 1855 268 1876 ex
289 1855 350 1884 qua
371 1847 465 1877 filium
490 1847 732 1885 Gorgythionem
755 1847 860 1884 genuit
881 1848 926 1884 (Θ-
943 1847 1027 1883 304).
1077 1847 1150 1877 Post
1171 1847 1334 1876 Homerum
1357 1848 1448 1877 multa
1470 1847 1606 1878 similiter
1629 1849 1712 1886 apud
1734 1853 1842 1887 poetas
1866 1854 2028 1879 narrantur
2049 1850 2087 1879 de

228 1904 462 1942 Polymnestore
490 1906 636 1943 aliisque:
669 1906 826 1935 Hecubam
856 1906 954 1943 ipsam
985 1905 1120 1934 nonnulli
1141 1904 1302 1935 Thressam
1322 1914 1392 1936 esse
1415 1907 1536 1936 volunt:
1570 1907 1625 1937 sed
1648 1916 1685 1937 ea
1706 1907 1803 1937 mitto.
1847 1907 1923 1937 Nihil
1946 1908 2026 1937 enim
2048 1908 2087 1937 ad

227 1963 403 1994 Homerum.
449 1964 529 1994 Satis
560 1968 645 2002 patet
670 1965 753 2002 apud
782 1965 863 1995 hunc
893 1965 1026 1994 Thraces
1049 1972 1117 1994 cum
1139 1962 1274 1994 Troianis
1297 1967 1326 1993 et
1349 1964 1458 1994 foedus
1478 1968 1508 1994 et
1527 1965 1678 1995 connubia
1699 1965 1845 1996 habuisse
1866 1970 1957 2004 atque
1981 1975 2087 1996 eorum

229 2022 476 2060 consanguineos
500 2023 606 2053 fuisse.

329 2081 403 2112 Nihil
427 2082 486 2111 tale
504 2082 543 2112 de
564 2081 681 2120 Lyciis,
702 2090 781 2119 quos
805 2081 967 2120 Sarpedon
990 2080 1110 2112 Troiam
1134 2080 1260 2111 duxisse
1281 2080 1403 2118 dicitur,
1424 2081 1495 2112 nihil
1513 2081 1551 2112 de
1573 2081 1683 2120 Lydis,
1713 2081 1785 2112 nihil
1807 2083 1846 2113 de
1866 2084 1927 2113 ulla
1949 2087 2088 2114 externa-

226 2149 293 2171 rum
315 2140 458 2177 gentium,
478 2149 558 2178 quae
579 2140 692 2171 auxilia
714 2140 871 2176 miserunt,
884 2144 1007 2177 praeter
1022 2141 1170 2178 Phryges·
1200 2139 1260 2170 Nisi
1282 2141 1358 2170 sorte
1376 2141 1572 2179 Othryoneus
1592 2140 1651 2176 ille,
1670 2140 1718 2171 cui
1737 2141 1912 2172 Cassandra
1930 2143 2088 2180 desponsa

225 2203 293 2230 erat
316 2199 366 2236 (N
384 2199 473 2235 363),
498 2200 653 2238 Paphlago
677 2203 758 2235 erat,
782 2207 852 2229 nam
876 2198 1059 2235 Cabessum,
1084 2199 1166 2228 unde
1189 2202 1273 2228 ortus
1301 2203 1379 2235 erat,
1407 2192 1455 2229 alii
1482 2199 1629 2229 Thraciae
1656 2198 1706 2229 alii
1726 2200 1952 2238 Paphlagoniae
1980 2200 2087 2230 urbem

224 2258 323 2288 fuisse
342 2258 502 2287 affirmant.
547 2258 698 2288 Videntur
717 2257 809 2294 igitur
826 2257 982 2292 Paeones,
1004 2265 1073 2286 cum
1094 2265 1112 2286 a
1130 2257 1316 2286 Teucrorum
1338 2257 1433 2295 stirpe
1456 2257 1576 2287 oriundi
1603 2262 1710 2287 essent
1731 2258 1882 2295 Troiaque
1905 2258 2036 2296 profecti
2056 2258 2086 2287 in

223 2316 384 2347 Thraciam
412 2316 583 2352 venissent,
618 2316 742 2347 Graecis
772 2316 880 2346 urbem
905 2314 1120 2346 obsidentibus
1146 2313 1282 2345 Troianis
1305 2319 1336 2345 ut
1359 2315 1540 2354 propinquis
1561 2320 1592 2346 et
1616 2315 1721 2347 amicis
1751 2325 1843 2354 opem
1867 2315 1985 2347 tulisse.
2028 2316 2086 2346 Vel

222 2375 250 2406 si
273 2374 343 2413 quis
367 2378 459 2412 neget
481 2383 614 2412 unquam
644 2376 704 2405 tale
724 2378 846 2413 gestum
866 2382 938 2404 esse
966 2375 1079 2403 bellum
1101 2377 1286 2411 poetamque
1314 2382 1393 2411 quae
1415 2374 1453 2403 de
1475 2378 1582 2405 natura
1605 2383 1707 2404 rerum
1730 2376 1779 2404 vel
1799 2375 1839 2403 de
1860 2374 1955 2403 rebus
1976 2373 2086 2403 divinis

219 2434 351 2465 sentiret
373 2433 528 2463 hominum
548 2433 727 2470 imaginibus
746 2433 918 2470 significata
941 2433 1000 2463 hoe
1023 2431 1157 2462 carmine
1180 2432 1388 2469 expressisse:
1411 2437 1494 2464 certe
1515 2433 1545 2463 id
1568 2433 1639 2463 mihi
1662 2434 1813 2464 concedet
1835 2437 1906 2471 apte
1928 2433 1967 2463 ad
1995 2434 2086 2464 fidem

219 2493 264 2524 rei
286 2492 461 2522 faciendam
485 2499 554 2521 eum
575 2492 633 2521 hos
654 2492 787 2522 Thraces
810 2490 939 2520 finxisse
960 2490 1072 2520 auxilia
1094 2490 1247 2520 mittentes
1270 2489 1298 2520 in
1322 2499 1389 2521 eam
1411 2491 1579 2529 regionem,
1602 2491 1653 2522 ubi
1673 2491 1836 2530 propinqui
1853 2491 2087 2529 consanguinei-

226 2557 281 2586 que
304 2551 457 2581 viverent.

326 2609 445 2647 Quodsi
467 2610 546 2639 haee
565 2613 649 2639 recte
671 2607 743 2644 dixi,
763 2616 859 2645 porro
882 2607 1090 2645 quaerendum
1111 2611 1159 2638 est
1181 2615 1260 2645 quae
1279 2607 1317 2639 sit
1332 2607 1408 2639 ratio
1432 2617 1538 2640 eorum
1558 2609 1748 2645 auxiliorum,
1771 2617 1850 2647 quae
1872 2617 1889 2639 e
1902 2608 1994 2648 Lycia
2006 2609 2086 2639 aliis-

179 2703 182 2706 ,
228 2672 266 2693 ve
291 2668 421 2701 pastibus
442 2667 540 2699 Asiae
562 2666 690 2698 minoris
711 2665 832 2697 Troiam
855 2664 979 2697 venisse
1002 2665 1155 2696 Homerus
1174 2670 1286 2696 narrat.
